"Order ID","Date","month","Customer ID","Customer Name","Sales Person","Region","Item","Price","Quantity","Revenue"
"0001","1/1/2018","Jan","11","Company K","Michael Fox","New Mexico","Item 2","199","3","597"
"0002","1/2/2018","Jan","1","Company A","Anna Weber","Texas","Item 5","289","7","2023"
"0003","1/3/2018","Jan","9","Company I","Kim Fishman","California","Item 4","159","3","477"
"0004","1/3/2018","Jan","18","Company R","Oscar Knox","Arizona","Item 5","289","3","867"
"0005","1/4/2018","Jan","16","Company P","Oscar Knox","Arizona","Item 3","69","4","276"
"0006","1/4/2018","Jan","13","Company M","Michael Fox","New Mexico","Item 2","199","2","398"
"0007","1/4/2018","Jan","17","Company Q","Andrew James","Arizona","Item 5","289","9","2601"
"0008","1/5/2018","Jan","14","Company N","Michael Fox","New Mexico","Item 2","199","5","995"
"0009","1/5/2018","Jan","20","Company T","Andrew James","Arizona","Item 1","399","5","1995"
"0010","1/5/2018","Jan","3","Company C","Anna Weber","Texas","Item 2","199","0","0"
"0011","1/5/2018","Jan","8","Company H","Laura Larsen","California","Item 5","289","9","2601"
"0012","1/5/2018","Jan","6","Company F","Laura Larsen","California","Item 1","399","6","2394"
"0013","1/5/2018","Jan","9","Company I","Kim Fishman","California","Item 2","199","6","1194"
"0014","1/5/2018","Jan","4","Company D","Anna Weber","Texas","Item 1","399","4","1596"
"0015","1/5/2018","Jan","6","Company F","Kim Fishman","California","Item 2","199","2","398"
"0016","1/6/2018","Jan","13","Company M","Michael Fox","New Mexico","Item 3","69","0","0"
"0017","1/7/2018","Jan","14","Company N","Michael Fox","New Mexico","Item 5","289","0","0"
"0018","1/7/2018","Jan","19","Company S","Oscar Knox","Arizona","Item 4","159","5","795"
"0019","1/7/2018","Jan","10","Company J","Laura Larsen","California","Item 3","69","2","138"
"0020","1/7/2018","Jan","5","Company E","Anna Weber","Texas","Item 1","399","3","1197"
"0021","1/7/2018","Jan","10","Company J","Laura Larsen","California","Item 3","69","2","138"
"0022","1/7/2018","Jan","11","Company K","Anne Lee","New Mexico","Item 5","289","6","1734"
"0023","1/7/2018","Jan","8","Company H","Laura Larsen","California","Item 4","159","4","636"
"0024","1/7/2018","Jan","12","Company L","Michael Fox","New Mexico","Item 1","399","2","798"
"0025","1/8/2018","Jan","3","Company C","Ben Wallace","Texas","Item 1","399","0","0"
"0026","1/8/2018","Jan","14","Company N","Michael Fox","New Mexico","Item 5","289","0","0"
"0027","1/8/2018","Jan","14","Company N","Anne Lee","New Mexico","Item 2","199","1","199"
"0028","1/8/2018","Jan","19","Company S","Andrew James","Arizona","Item 1","399","7","2793"
"0029","1/9/2018","Jan","10","Company J","Laura Larsen","California","Item 2","199","3","597"
"0030","1/9/2018","Jan","12","Company L","Anne Lee","New Mexico","Item 5","289","0","0"
"0031","1/9/2018","Jan","6","Company F","Kim Fishman","California","Item 4","159","2","318"
"0032","1/9/2018","Jan","6","Company F","Laura Larsen","California","Item 1","399","3","1197"
"0033","1/10/2018","Jan","6","Company F","Laura Larsen","California","Item 3","69","2","138"
"0034","1/11/2018","Jan","1","Company A","Ben Wallace","Texas","Item 2","199","8","1592"
"0035","1/11/2018","Jan","16","Company P","Andrew James","Arizona","Item 2","199","5","995"
"0036","1/11/2018","Jan","13","Company M","Anne Lee","New Mexico","Item 5","289","1","289"
"0037","1/11/2018","Jan","13","Company M","Anne Lee","New Mexico","Item 1","399","4","1596"
"0038","1/12/2018","Jan","20","Company T","Oscar Knox","Arizona","Item 1","399","3","1197"
"0039","1/12/2018","Jan","19","Company S","Andrew James","Arizona","Item 3","69","8","552"
"0040","1/12/2018","Jan","14","Company N","Michael Fox","New Mexico","Item 5","289","3","867"
"0041","1/13/2018","Jan","9","Company I","Kim Fishman","California","Item 1","399","4","1596"
"0042","1/13/2018","Jan","17","Company Q","Andrew James","Arizona","Item 3","69","5","345"
"0043","1/13/2018","Jan","13","Company M","Anne Lee","New Mexico","Item 4","159","8","1272"
"0044","1/13/2018","Jan","7","Company G","Laura Larsen","California","Item 1","399","5","1995"
"0045","1/13/2018","Jan","12","Company L","Anne Lee","New Mexico","Item 5","289","4","1156"
"0046","1/13/2018","Jan","14","Company N","Michael Fox","New Mexico","Item 4","159","7","1113"
"0047","1/13/2018","Jan","17","Company Q","Oscar Knox","Arizona","Item 5","289","0","0"
"0048","1/13/2018","Jan","16","Company P","Oscar Knox","Arizona","Item 3","69","1","69"
"0049","1/13/2018","Jan","4","Company D","Ben Wallace","Texas","Item 4","159","5","795"
"0050","1/13/2018","Jan","5","Company E","Ben Wallace","Texas","Item 4","159","7","1113"
"0051","1/13/2018","Jan","19","Company S","Andrew James","Arizona","Item 1","399","6","2394"
"0052","1/13/2018","Jan","1","Company A","Ben Wallace","Texas","Item 3","69","2","138"
"0053","1/14/2018","Jan","17","Company Q","Andrew James","Arizona","Item 3","69","7","483"
"0054","1/15/2018","Jan","8","Company H","Laura Larsen","California","Item 5","289","1","289"
"0055","1/15/2018","Jan","7","Company G","Laura Larsen","California","Item 1","399","0","0"
"0056","1/15/2018","Jan","20","Company T","Andrew James","Arizona","Item 3","69","9","621"
"0057","1/15/2018","Jan","8","Company H","Laura Larsen","California","Item 2","199","5","995"
"0058","1/15/2018","Jan","11","Company K","Michael Fox","New Mexico","Item 3","69","9","621"
"0059","1/15/2018","Jan","9","Company I","Kim Fishman","California","Item 1","399","7","2793"
"0060","1/15/2018","Jan","10","Company J","Laura Larsen","California","Item 2","199","3","597"
"0061","1/16/2018","Jan","2","Company B","Anna Weber","Texas","Item 4","159","8","1272"
"0062","1/17/2018","Jan","20","Company T","Andrew James","Arizona","Item 4","159","9","1431"
"0063","1/17/2018","Jan","9","Company I","Laura Larsen","California","Item 5","289","7","2023"
"0064","1/18/2018","Jan","9","Company I","Laura Larsen","California","Item 1","399","1","399"
"0065","1/19/2018","Jan","9","Company I","Laura Larsen","California","Item 2","199","6","1194"
"0066","1/19/2018","Jan","10","Company J","Laura Larsen","California","Item 5","289","3","867"
"0067","1/20/2018","Jan","16","Company P","Oscar Knox","Arizona","Item 3","69","2","138"
"0068","1/20/2018","Jan","13","Company M","Anne Lee","New Mexico","Item 2","199","8","1592"
"0069","1/21/2018","Jan","19","Company S","Andrew James","Arizona","Item 2","199","8","1592"
"0070","1/21/2018","Jan","6","Company F","Laura Larsen","California","Item 2","199","0","0"
"0071","1/21/2018","Jan","17","Company Q","Oscar Knox","Arizona","Item 4","159","4","636"
"0072","1/22/2018","Jan","15","Company O","Anne Lee","New Mexico","Item 1","399","4","1596"
"0073","1/23/2018","Jan","15","Company O","Anne Lee","New Mexico","Item 4","159","1","159"
"0074","1/23/2018","Jan","20","Company T","Oscar Knox","Arizona","Item 5","289","1","289"
"0075","1/23/2018","Jan","13","Company M","Michael Fox","New Mexico","Item 5","289","5","1445"
"0076","1/24/2018","Jan","18","Company R","Oscar Knox","Arizona","Item 3","69","7","483"
"0077","1/24/2018","Jan","8","Company H","Laura Larsen","California","Item 3","69","2","138"
"0078","1/24/2018","Jan","5","Company E","Ben Wallace","Texas","Item 5","289","1","289"
"0079","1/24/2018","Jan","19","Company S","Oscar Knox","Arizona","Item 5","289","8","2312"
"0080","1/24/2018","Jan","10","Company J","Kim Fishman","California","Item 5","289","3","867"
"0081","1/24/2018","Jan","7","Company G","Laura Larsen","California","Item 1","399","6","2394"
"0082","1/24/2018","Jan","5","Company E","Anna Weber","Texas","Item 3","69","1","69"
"0083","1/24/2018","Jan","10","Company J","Laura Larsen","California","Item 3","69","2","138"
"0084","1/25/2018","Jan","18","Company R","Andrew James","Arizona","Item 1","399","1","399"
"0085","1/26/2018","Jan","4","Company D","Ben Wallace","Texas","Item 1","399","9","3591"
"0086","1/26/2018","Jan","12","Company L","Michael Fox","New Mexico","Item 1","399","2","798"
"0087","1/27/2018","Jan","17","Company Q","Andrew James","Arizona","Item 4","159","3","477"
"0088","1/27/2018","Jan","12","Company L","Michael Fox","New Mexico","Item 3","69","2","138"
"0089","1/27/2018","Jan","8","Company H","Kim Fishman","California","Item 2","199","5","995"
"0090","1/27/2018","Jan","12","Company L","Anne Lee","New Mexico","Item 3","69","2","138"
"0091","1/27/2018","Jan","19","Company S","Andrew James","Arizona","Item 5","289","4","1156"
"0092","1/28/2018","Jan","20","Company T","Oscar Knox","Arizona","Item 1","399","6","2394"
"0093","1/29/2018","Jan","7","Company G","Kim Fishman","California","Item 1","399","1","399"
"0094","1/29/2018","Jan","8","Company H","Kim Fishman","California","Item 2","199","2","398"
"0095","1/29/2018","Jan","7","Company G","Laura Larsen","California","Item 3","69","8","552"
"0096","1/30/2018","Jan","15","Company O","Michael Fox","New Mexico","Item 3","69","9","621"
"0097","1/30/2018","Jan","11","Company K","Anne Lee","New Mexico","Item 3","69","7","483"
"0098","1/30/2018","Jan","19","Company S","Oscar Knox","Arizona","Item 4","159","8","1272"
"0099","1/30/2018","Jan","8","Company H","Laura Larsen","California","Item 2","199","9","1791"
"0100","1/30/2018","Jan","12","Company L","Michael Fox","New Mexico","Item 2","199","5","995"
"0101","1/31/2018","Jan","18","Company R","Oscar Knox","Arizona","Item 3","69","4","276"
"0102","2/1/2018","Feb","10","Company J","Kim Fishman","California","Item 3","69","4","276"
"0103","2/1/2018","Feb","20","Company T","Andrew James","Arizona","Item 3","69","6","414"
"0104","2/2/2018","Feb","4","Company D","Ben Wallace","Texas","Item 1","399","1","399"
"0105","2/2/2018","Feb","11","Company K","Michael Fox","New Mexico","Item 4","159","0","0"
"0106","2/2/2018","Feb","2","Company B","Ben Wallace","Texas","Item 4","159","5","795"
"0107","2/2/2018","Feb","7","Company G","Kim Fishman","California","Item 4","159","5","795"
"0108","2/2/2018","Feb","15","Company O","Anne Lee","New Mexico","Item 1","399","2","798"
"0109","2/2/2018","Feb","20","Company T","Oscar Knox","Arizona","Item 4","159","7","1113"
"0110","2/3/2018","Feb","16","Company P","Oscar Knox","Arizona","Item 2","199","6","1194"
"0111","2/3/2018","Feb","19","Company S","Andrew James","Arizona","Item 1","399","6","2394"
"0112","2/4/2018","Feb","1","Company A","Anna Weber","Texas","Item 1","399","2","798"
"0113","2/5/2018","Feb","17","Company Q","Oscar Knox","Arizona","Item 1","399","5","1995"
"0114","2/5/2018","Feb","9","Company I","Kim Fishman","California","Item 4","159","4","636"
"0115","2/5/2018","Feb","2","Company B","Ben Wallace","Texas","Item 3","69","7","483"
"0116","2/5/2018","Feb","14","Company N","Michael Fox","New Mexico","Item 3","69","7","483"
"0117","2/5/2018","Feb","14","Company N","Michael Fox","New Mexico","Item 1","399","7","2793"
"0118","2/6/2018","Feb","5","Company E","Anna Weber","Texas","Item 5","289","2","578"
"0119","2/6/2018","Feb","5","Company E","Anna Weber","Texas","Item 2","199","2","398"
"0120","2/6/2018","Feb","14","Company N","Michael Fox","New Mexico","Item 4","159","3","477"
"0121","2/7/2018","Feb","15","Company O","Michael Fox","New Mexico","Item 2","199","3","597"
"0122","2/8/2018","Feb","8","Company H","Laura Larsen","California","Item 3","69","6","414"
"0123","2/8/2018","Feb","2","Company B","Anna Weber","Texas","Item 5","289","6","1734"
"0124","2/8/2018","Feb","4","Company D","Ben Wallace","Texas","Item 5","289","7","2023"
"0125","2/8/2018","Feb","10","Company J","Kim Fishman","California","Item 4","159","0","0"
"0126","2/8/2018","Feb","18","Company R","Oscar Knox","Arizona","Item 1","399","4","1596"
"0127","2/8/2018","Feb","8","Company H","Laura Larsen","California","Item 4","159","4","636"
"0128","2/9/2018","Feb","11","Company K","Anne Lee","New Mexico","Item 2","199","0","0"
"0129","2/10/2018","Feb","6","Company F","Kim Fishman","California","Item 2","199","8","1592"
"0130","2/11/2018","Feb","16","Company P","Oscar Knox","Arizona","Item 2","199","0","0"
"0131","2/11/2018","Feb","10","Company J","Kim Fishman","California","Item 1","399","3","1197"
"0132","2/11/2018","Feb","7","Company G","Kim Fishman","California","Item 4","159","9","1431"
"0133","2/11/2018","Feb","12","Company L","Michael Fox","New Mexico","Item 1","399","9","3591"
"0134","2/12/2018","Feb","13","Company M","Michael Fox","New Mexico","Item 4","159","7","1113"
"0135","2/12/2018","Feb","16","Company P","Oscar Knox","Arizona","Item 3","69","5","345"
"0136","2/13/2018","Feb","6","Company F","Laura Larsen","California","Item 2","199","9","1791"
"0137","2/13/2018","Feb","12","Company L","Anne Lee","New Mexico","Item 1","399","3","1197"
"0138","2/13/2018","Feb","14","Company N","Anne Lee","New Mexico","Item 1","399","3","1197"
"0139","2/13/2018","Feb","13","Company M","Michael Fox","New Mexico","Item 3","69","4","276"
"0140","2/13/2018","Feb","15","Company O","Anne Lee","New Mexico","Item 1","399","8","3192"
"0141","2/13/2018","Feb","10","Company J","Kim Fishman","California","Item 4","159","8","1272"
"0142","2/13/2018","Feb","10","Company J","Kim Fishman","California","Item 5","289","4","1156"
"0143","2/13/2018","Feb","7","Company G","Laura Larsen","California","Item 5","289","5","1445"
"0144","2/13/2018","Feb","13","Company M","Anne Lee","New Mexico","Item 4","159","2","318"
"0145","2/13/2018","Feb","6","Company F","Kim Fishman","California","Item 2","199","6","1194"
"0146","2/13/2018","Feb","8","Company H","Laura Larsen","California","Item 2","199","2","398"
"0147","2/13/2018","Feb","13","Company M","Anne Lee","New Mexico","Item 4","159","5","795"
"0148","2/13/2018","Feb","2","Company B","Ben Wallace","Texas","Item 1","399","2","798"
"0149","2/13/2018","Feb","12","Company L","Anne Lee","New Mexico","Item 5","289","8","2312"
"0150","2/13/2018","Feb","8","Company H","Laura Larsen","California","Item 2","199","1","199"
"0151","2/13/2018","Feb","20","Company T","Oscar Knox","Arizona","Item 2","199","8","1592"
"0152","2/13/2018","Feb","12","Company L","Michael Fox","New Mexico","Item 4","159","6","954"
"0153","2/13/2018","Feb","2","Company B","Ben Wallace","Texas","Item 5","289","2","578"
"0154","2/14/2018","Feb","8","Company H","Kim Fishman","California","Item 3","69","8","552"
"0155","2/15/2018","Feb","15","Company O","Michael Fox","New Mexico","Item 2","199","9","1791"
"0156","2/15/2018","Feb","18","Company R","Andrew James","Arizona","Item 4","159","4","636"
"0157","2/16/2018","Feb","13","Company M","Michael Fox","New Mexico","Item 5","289","3","867"
"0158","2/16/2018","Feb","11","Company K","Anne Lee","New Mexico","Item 2","199","4","796"
"0159","2/16/2018","Feb","20","Company T","Oscar Knox","Arizona","Item 4","159","6","954"
"0160","2/16/2018","Feb","1","Company A","Anna Weber","Texas","Item 2","199","9","1791"
"0161","2/16/2018","Feb","8","Company H","Laura Larsen","California","Item 2","199","2","398"
"0162","2/16/2018","Feb","15","Company O","Anne Lee","New Mexico","Item 3","69","5","345"
"0163","2/16/2018","Feb","19","Company S","Oscar Knox","Arizona","Item 5","289","7","2023"
"0164","2/17/2018","Feb","13","Company M","Anne Lee","New Mexico","Item 3","69","1","69"
"0165","2/17/2018","Feb","4","Company D","Anna Weber","Texas","Item 4","159","1","159"
"0166","2/18/2018","Feb","15","Company O","Michael Fox","New Mexico","Item 3","69","0","0"
"0167","2/18/2018","Feb","12","Company L","Anne Lee","New Mexico","Item 3","69","1","69"
"0168","2/18/2018","Feb","7","Company G","Kim Fishman","California","Item 4","159","2","318"
"0169","2/18/2018","Feb","10","Company J","Laura Larsen","California","Item 3","69","4","276"
"0170","2/18/2018","Feb","6","Company F","Laura Larsen","California","Item 3","69","3","207"
"0171","2/19/2018","Feb","8","Company H","Laura Larsen","California","Item 1","399","6","2394"
"0172","2/19/2018","Feb","11","Company K","Michael Fox","New Mexico","Item 3","69","5","345"
"0173","2/19/2018","Feb","2","Company B","Ben Wallace","Texas","Item 1","399","1","399"
"0174","2/19/2018","Feb","6","Company F","Laura Larsen","California","Item 1","399","6","2394"
"0175","2/20/2018","Feb","11","Company K","Michael Fox","New Mexico","Item 5","289","5","1445"
"0176","2/21/2018","Feb","13","Company M","Anne Lee","New Mexico","Item 2","199","6","1194"
"0177","2/21/2018","Feb","8","Company H","Laura Larsen","California","Item 5","289","1","289"
"0178","2/21/2018","Feb","13","Company M","Michael Fox","New Mexico","Item 4","159","1","159"
"0179","2/21/2018","Feb","1","Company A","Anna Weber","Texas","Item 5","289","2","578"
"0180","2/21/2018","Feb","20","Company T","Oscar Knox","Arizona","Item 3","69","3","207"
"0181","2/21/2018","Feb","20","Company T","Andrew James","Arizona","Item 3","69","1","69"
"0182","2/21/2018","Feb","1","Company A","Anna Weber","Texas","Item 4","159","2","318"
"0183","2/22/2018","Feb","10","Company J","Kim Fishman","California","Item 2","199","2","398"
"0184","2/23/2018","Feb","12","Company L","Anne Lee","New Mexico","Item 4","159","7","1113"
"0185","2/23/2018","Feb","4","Company D","Ben Wallace","Texas","Item 1","399","5","1995"
"0186","2/23/2018","Feb","5","Company E","Ben Wallace","Texas","Item 5","289","4","1156"
"0187","2/24/2018","Feb","17","Company Q","Oscar Knox","Arizona","Item 1","399","9","3591"
"0188","2/24/2018","Feb","17","Company Q","Andrew James","Arizona","Item 2","199","6","1194"
"0189","2/25/2018","Feb","20","Company T","Oscar Knox","Arizona","Item 1","399","8","3192"
"0190","2/25/2018","Feb","5","Company E","Anna Weber","Texas","Item 2","199","5","995"
"0191","2/25/2018","Feb","11","Company K","Michael Fox","New Mexico","Item 4","159","4","636"
"0192","2/26/2018","Feb","12","Company L","Anne Lee","New Mexico","Item 1","399","0","0"
"0193","2/27/2018","Feb","9","Company I","Laura Larsen","California","Item 4","159","1","159"
"0194","2/27/2018","Feb","4","Company D","Anna Weber","Texas","Item 2","199","0","0"
"0195","2/27/2018","Feb","15","Company O","Anne Lee","New Mexico","Item 4","159","8","1272"
"0196","2/28/2018","Feb","6","Company F","Laura Larsen","California","Item 5","289","9","2601"
"0197","3/1/2018","Mar","18","Company R","Andrew James","Arizona","Item 3","69","8","552"
"0198","3/1/2018","Mar","18","Company R","Oscar Knox","Arizona","Item 4","159","6","954"
"0199","3/2/2018","Mar","17","Company Q","Andrew James","Arizona","Item 4","159","4","636"
"0200","3/3/2018","Mar","12","Company L","Anne Lee","New Mexico","Item 2","199","4","796"
"0201","3/4/2018","Mar","18","Company R","Oscar Knox","Arizona","Item 5","289","5","1445"
"0202","3/5/2018","Mar","9","Company I","Kim Fishman","California","Item 2","199","0","0"
"0203","3/6/2018","Mar","12","Company L","Michael Fox","New Mexico","Item 5","289","7","2023"
"0204","3/7/2018","Mar","2","Company B","Anna Weber","Texas","Item 2","199","2","398"
"0205","3/8/2018","Mar","19","Company S","Andrew James","Arizona","Item 2","199","5","995"
"0206","3/8/2018","Mar","5","Company E","Ben Wallace","Texas","Item 1","399","6","2394"
"0207","3/8/2018","Mar","18","Company R","Oscar Knox","Arizona","Item 2","199","6","1194"
"0208","3/8/2018","Mar","6","Company F","Kim Fishman","California","Item 2","199","9","1791"
"0209","3/8/2018","Mar","16","Company P","Andrew James","Arizona","Item 4","159","3","477"
"0210","3/8/2018","Mar","14","Company N","Michael Fox","New Mexico","Item 1","399","8","3192"
"0211","3/8/2018","Mar","4","Company D","Ben Wallace","Texas","Item 3","69","4","276"
"0212","3/8/2018","Mar","2","Company B","Anna Weber","Texas","Item 2","199","0","0"
"0213","3/9/2018","Mar","1","Company A","Ben Wallace","Texas","Item 4","159","2","318"
"0214","3/10/2018","Mar","5","Company E","Ben Wallace","Texas","Item 3","69","6","414"
"0215","3/11/2018","Mar","3","Company C","Anna Weber","Texas","Item 2","199","3","597"
"0216","3/11/2018","Mar","18","Company R","Oscar Knox","Arizona","Item 3","69","9","621"
"0217","3/11/2018","Mar","12","Company L","Anne Lee","New Mexico","Item 5","289","4","1156"
"0218","3/11/2018","Mar","8","Company H","Laura Larsen","California","Item 4","159","2","318"
"0219","3/11/2018","Mar","7","Company G","Laura Larsen","California","Item 4","159","1","159"
"0220","3/11/2018","Mar","17","Company Q","Andrew James","Arizona","Item 4","159","2","318"
"0221","3/11/2018","Mar","13","Company M","Michael Fox","New Mexico","Item 4","159","3","477"
"0222","3/11/2018","Mar","4","Company D","Anna Weber","Texas","Item 2","199","8","1592"
"0223","3/11/2018","Mar","10","Company J","Laura Larsen","California","Item 4","159","8","1272"
"0224","3/11/2018","Mar","9","Company I","Kim Fishman","California","Item 1","399","6","2394"
"0225","3/11/2018","Mar","2","Company B","Anna Weber","Texas","Item 1","399","9","3591"
"0226","3/12/2018","Mar","14","Company N","Michael Fox","New Mexico","Item 1","399","1","399"
"0227","3/13/2018","Mar","14","Company N","Michael Fox","New Mexico","Item 1","399","1","399"
"0228","3/14/2018","Mar","1","Company A","Ben Wallace","Texas","Item 5","289","2","578"
"0229","3/14/2018","Mar","17","Company Q","Oscar Knox","Arizona","Item 5","289","8","2312"
"0230","3/15/2018","Mar","3","Company C","Anna Weber","Texas","Item 1","399","6","2394"
"0231","3/15/2018","Mar","19","Company S","Oscar Knox","Arizona","Item 2","199","6","1194"
"0232","3/15/2018","Mar","7","Company G","Laura Larsen","California","Item 1","399","9","3591"
"0233","3/15/2018","Mar","9","Company I","Laura Larsen","California","Item 3","69","8","552"
"0234","3/16/2018","Mar","15","Company O","Anne Lee","New Mexico","Item 2","199","2","398"
"0235","3/16/2018","Mar","2","Company B","Anna Weber","Texas","Item 5","289","3","867"
"0236","3/16/2018","Mar","20","Company T","Andrew James","Arizona","Item 3","69","8","552"
"0237","3/16/2018","Mar","4","Company D","Anna Weber","Texas","Item 3","69","7","483"
"0238","3/16/2018","Mar","7","Company G","Kim Fishman","California","Item 2","199","3","597"
"0239","3/16/2018","Mar","16","Company P","Andrew James","Arizona","Item 1","399","9","3591"
"0240","3/16/2018","Mar","18","Company R","Andrew James","Arizona","Item 2","199","5","995"
"0241","3/16/2018","Mar","4","Company D","Anna Weber","Texas","Item 3","69","5","345"
"0242","3/17/2018","Mar","2","Company B","Anna Weber","Texas","Item 5","289","0","0"
"0243","3/17/2018","Mar","20","Company T","Oscar Knox","Arizona","Item 2","199","4","796"
"0244","3/17/2018","Mar","4","Company D","Anna Weber","Texas","Item 4","159","2","318"
"0245","3/18/2018","Mar","19","Company S","Oscar Knox","Arizona","Item 4","159","0","0"
"0246","3/18/2018","Mar","20","Company T","Oscar Knox","Arizona","Item 5","289","4","1156"
"0247","3/18/2018","Mar","6","Company F","Kim Fishman","California","Item 5","289","2","578"
"0248","3/18/2018","Mar","18","Company R","Andrew James","Arizona","Item 3","69","5","345"
"0249","3/18/2018","Mar","19","Company S","Oscar Knox","Arizona","Item 1","399","3","1197"
"0250","3/18/2018","Mar","8","Company H","Kim Fishman","California","Item 4","159","7","1113"
"0251","3/18/2018","Mar","2","Company B","Ben Wallace","Texas","Item 1","399","9","3591"
"0252","3/18/2018","Mar","14","Company N","Michael Fox","New Mexico","Item 2","199","2","398"
"0253","3/18/2018","Mar","16","Company P","Oscar Knox","Arizona","Item 1","399","5","1995"
"0254","3/19/2018","Mar","6","Company F","Kim Fishman","California","Item 4","159","4","636"
"0255","3/19/2018","Mar","5","Company E","Ben Wallace","Texas","Item 2","199","9","1791"
"0256","3/19/2018","Mar","18","Company R","Oscar Knox","Arizona","Item 4","159","2","318"
"0257","3/19/2018","Mar","2","Company B","Anna Weber","Texas","Item 3","69","8","552"
"0258","3/20/2018","Mar","17","Company Q","Andrew James","Arizona","Item 1","399","5","1995"
"0259","3/20/2018","Mar","16","Company P","Oscar Knox","Arizona","Item 5","289","1","289"
"0260","3/20/2018","Mar","14","Company N","Michael Fox","New Mexico","Item 3","69","9","621"
"0261","3/21/2018","Mar","4","Company D","Anna Weber","Texas","Item 2","199","8","1592"
"0262","3/22/2018","Mar","8","Company H","Laura Larsen","California","Item 4","159","1","159"
"0263","3/23/2018","Mar","7","Company G","Laura Larsen","California","Item 4","159","5","795"
"0264","3/24/2018","Mar","17","Company Q","Andrew James","Arizona","Item 2","199","1","199"
"0265","3/24/2018","Mar","17","Company Q","Oscar Knox","Arizona","Item 5","289","7","2023"
"0266","3/25/2018","Mar","12","Company L","Anne Lee","New Mexico","Item 3","69","4","276"
"0267","3/25/2018","Mar","16","Company P","Oscar Knox","Arizona","Item 2","199","8","1592"
"0268","3/25/2018","Mar","4","Company D","Ben Wallace","Texas","Item 2","199","1","199"
"0269","3/25/2018","Mar","20","Company T","Oscar Knox","Arizona","Item 2","199","6","1194"
"0270","3/25/2018","Mar","14","Company N","Anne Lee","New Mexico","Item 1","399","9","3591"
"0271","3/25/2018","Mar","14","Company N","Michael Fox","New Mexico","Item 2","199","3","597"
"0272","3/25/2018","Mar","15","Company O","Anne Lee","New Mexico","Item 5","289","7","2023"
"0273","3/25/2018","Mar","3","Company C","Ben Wallace","Texas","Item 2","199","9","1791"
"0274","3/25/2018","Mar","7","Company G","Kim Fishman","California","Item 2","199","3","597"
"0275","3/25/2018","Mar","7","Company G","Laura Larsen","California","Item 5","289","0","0"
"0276","3/25/2018","Mar","2","Company B","Anna Weber","Texas","Item 4","159","7","1113"
"0277","3/26/2018","Mar","16","Company P","Oscar Knox","Arizona","Item 5","289","3","867"
"0278","3/26/2018","Mar","6","Company F","Kim Fishman","California","Item 1","399","8","3192"
"0279","3/26/2018","Mar","9","Company I","Kim Fishman","California","Item 3","69","9","621"
"0280","3/26/2018","Mar","16","Company P","Andrew James","Arizona","Item 2","199","1","199"
"0281","3/26/2018","Mar","20","Company T","Andrew James","Arizona","Item 3","69","3","207"
"0282","3/27/2018","Mar","16","Company P","Oscar Knox","Arizona","Item 4","159","6","954"
"0283","3/27/2018","Mar","20","Company T","Andrew James","Arizona","Item 4","159","0","0"
"0284","3/27/2018","Mar","2","Company B","Anna Weber","Texas","Item 4","159","4","636"
"0285","3/27/2018","Mar","11","Company K","Michael Fox","New Mexico","Item 5","289","3","867"
"0286","3/27/2018","Mar","13","Company M","Anne Lee","New Mexico","Item 3","69","6","414"
"0287","3/27/2018","Mar","4","Company D","Anna Weber","Texas","Item 5","289","7","2023"
"0288","3/27/2018","Mar","3","Company C","Ben Wallace","Texas","Item 4","159","2","318"
"0289","3/28/2018","Mar","20","Company T","Andrew James","Arizona","Item 5","289","1","289"
"0290","3/29/2018","Mar","3","Company C","Anna Weber","Texas","Item 4","159","9","1431"
"0291","3/30/2018","Mar","19","Company S","Oscar Knox","Arizona","Item 3","69","3","207"
"0292","3/30/2018","Mar","1","Company A","Ben Wallace","Texas","Item 4","159","0","0"
"0293","3/30/2018","Mar","2","Company B","Anna Weber","Texas","Item 2","199","7","1393"
"0294","3/30/2018","Mar","16","Company P","Oscar Knox","Arizona","Item 4","159","2","318"
"0295","3/31/2018","Mar","7","Company G","Laura Larsen","California","Item 3","69","3","207"
"0296","3/31/2018","Mar","9","Company I","Kim Fishman","California","Item 3","69","4","276"
"0297","3/31/2018","Mar","14","Company N","Michael Fox","New Mexico","Item 1","399","5","1995"
"0298","3/31/2018","Mar","13","Company M","Anne Lee","New Mexico","Item 3","69","4","276"
"0299","3/31/2018","Mar","12","Company L","Michael Fox","New Mexico","Item 2","199","8","1592"
"0300","4/1/2018","Apr","7","Company G","Kim Fishman","California","Item 3","69","2","138"
"0301","4/2/2018","Apr","10","Company J","Kim Fishman","California","Item 1","399","9","3591"
"0302","4/3/2018","Apr","6","Company F","Laura Larsen","California","Item 3","69","6","414"
"0303","4/4/2018","Apr","20","Company T","Oscar Knox","Arizona","Item 4","159","0","0"
"0304","4/4/2018","Apr","2","Company B","Ben Wallace","Texas","Item 3","69","1","69"
"0305","4/5/2018","Apr","8","Company H","Laura Larsen","California","Item 5","289","9","2601"
"0306","4/5/2018","Apr","1","Company A","Anna Weber","Texas","Item 4","159","3","477"
"0307","4/5/2018","Apr","4","Company D","Anna Weber","Texas","Item 2","199","5","995"
"0308","4/5/2018","Apr","12","Company L","Michael Fox","New Mexico","Item 2","199","6","1194"
"0309","4/6/2018","Apr","15","Company O","Michael Fox","New Mexico","Item 5","289","8","2312"
"0310","4/6/2018","Apr","6","Company F","Laura Larsen","California","Item 3","69","0","0"
"0311","4/7/2018","Apr","19","Company S","Oscar Knox","Arizona","Item 5","289","5","1445"
"0312","4/7/2018","Apr","18","Company R","Oscar Knox","Arizona","Item 2","199","0","0"
"0313","4/7/2018","Apr","7","Company G","Kim Fishman","California","Item 2","199","9","1791"
"0314","4/7/2018","Apr","2","Company B","Ben Wallace","Texas","Item 2","199","5","995"
"0315","4/8/2018","Apr","19","Company S","Oscar Knox","Arizona","Item 2","199","9","1791"
"0316","4/8/2018","Apr","19","Company S","Oscar Knox","Arizona","Item 2","199","8","1592"
"0317","4/9/2018","Apr","2","Company B","Anna Weber","Texas","Item 2","199","3","597"
"0318","4/9/2018","Apr","5","Company E","Ben Wallace","Texas","Item 2","199","4","796"
"0319","4/10/2018","Apr","14","Company N","Michael Fox","New Mexico","Item 3","69","3","207"
"0320","4/11/2018","Apr","12","Company L","Anne Lee","New Mexico","Item 3","69","0","0"
"0321","4/12/2018","Apr","9","Company I","Kim Fishman","California","Item 1","399","1","399"
"0322","4/13/2018","Apr","2","Company B","Anna Weber","Texas","Item 5","289","8","2312"
"0323","4/13/2018","Apr","19","Company S","Oscar Knox","Arizona","Item 5","289","3","867"
"0324","4/14/2018","Apr","17","Company Q","Andrew James","Arizona","Item 4","159","4","636"
"0325","4/14/2018","Apr","14","Company N","Anne Lee","New Mexico","Item 1","399","3","1197"
"0326","4/14/2018","Apr","7","Company G","Kim Fishman","California","Item 3","69","2","138"
"0327","4/14/2018","Apr","9","Company I","Laura Larsen","California","Item 2","199","9","1791"
"0328","4/14/2018","Apr","8","Company H","Kim Fishman","California","Item 2","199","2","398"
"0329","4/14/2018","Apr","14","Company N","Michael Fox","New Mexico","Item 5","289","4","1156"
"0330","4/14/2018","Apr","7","Company G","Laura Larsen","California","Item 1","399","8","3192"
"0331","4/14/2018","Apr","10","Company J","Laura Larsen","California","Item 1","399","9","3591"
"0332","4/14/2018","Apr","6","Company F","Laura Larsen","California","Item 2","199","8","1592"
"0333","4/14/2018","Apr","18","Company R","Oscar Knox","Arizona","Item 1","399","4","1596"
"0334","4/15/2018","Apr","4","Company D","Ben Wallace","Texas","Item 5","289","6","1734"
"0335","4/15/2018","Apr","2","Company B","Ben Wallace","Texas","Item 3","69","9","621"
"0336","4/16/2018","Apr","4","Company D","Anna Weber","Texas","Item 4","159","9","1431"
"0337","4/17/2018","Apr","11","Company K","Anne Lee","New Mexico","Item 3","69","8","552"
"0338","4/17/2018","Apr","13","Company M","Michael Fox","New Mexico","Item 1","399","8","3192"
"0339","4/18/2018","Apr","8","Company H","Kim Fishman","California","Item 3","69","6","414"
"0340","4/19/2018","Apr","8","Company H","Laura Larsen","California","Item 4","159","6","954"
"0341","4/19/2018","Apr","1","Company A","Anna Weber","Texas","Item 5","289","3","867"
"0342","4/19/2018","Apr","19","Company S","Andrew James","Arizona","Item 3","69","1","69"
"0343","4/19/2018","Apr","5","Company E","Anna Weber","Texas","Item 4","159","0","0"
"0344","4/19/2018","Apr","9","Company I","Kim Fishman","California","Item 2","199","6","1194"
"0345","4/19/2018","Apr","13","Company M","Michael Fox","New Mexico","Item 2","199","2","398"
"0346","4/19/2018","Apr","17","Company Q","Oscar Knox","Arizona","Item 3","69","2","138"
"0347","4/19/2018","Apr","18","Company R","Oscar Knox","Arizona","Item 2","199","0","0"
"0348","4/19/2018","Apr","19","Company S","Oscar Knox","Arizona","Item 5","289","1","289"
"0349","4/19/2018","Apr","13","Company M","Anne Lee","New Mexico","Item 4","159","5","795"
"0350","4/19/2018","Apr","3","Company C","Anna Weber","Texas","Item 1","399","1","399"
"0351","4/19/2018","Apr","4","Company D","Ben Wallace","Texas","Item 3","69","6","414"
"0352","4/19/2018","Apr","10","Company J","Laura Larsen","California","Item 4","159","9","1431"
"0353","4/20/2018","Apr","4","Company D","Anna Weber","Texas","Item 1","399","1","399"
"0354","4/20/2018","Apr","5","Company E","Anna Weber","Texas","Item 3","69","1","69"
"0355","4/20/2018","Apr","17","Company Q","Oscar Knox","Arizona","Item 1","399","6","2394"
"0356","4/21/2018","Apr","18","Company R","Andrew James","Arizona","Item 2","199","8","1592"
"0357","4/21/2018","Apr","3","Company C","Ben Wallace","Texas","Item 1","399","2","798"
"0358","4/22/2018","Apr","2","Company B","Anna Weber","Texas","Item 3","69","2","138"
"0359","4/22/2018","Apr","1","Company A","Ben Wallace","Texas","Item 1","399","5","1995"
"0360","4/22/2018","Apr","19","Company S","Oscar Knox","Arizona","Item 2","199","9","1791"
"0361","4/22/2018","Apr","10","Company J","Kim Fishman","California","Item 3","69","7","483"
"0362","4/22/2018","Apr","5","Company E","Anna Weber","Texas","Item 1","399","2","798"
"0363","4/22/2018","Apr","5","Company E","Ben Wallace","Texas","Item 4","159","5","795"
"0364","4/22/2018","Apr","16","Company P","Andrew James","Arizona","Item 4","159","9","1431"
"0365","4/23/2018","Apr","7","Company G","Kim Fishman","California","Item 5","289","9","2601"
"0366","4/23/2018","Apr","7","Company G","Laura Larsen","California","Item 3","69","0","0"
"0367","4/24/2018","Apr","7","Company G","Kim Fishman","California","Item 5","289","2","578"
"0368","4/24/2018","Apr","8","Company H","Kim Fishman","California","Item 5","289","6","1734"
"0369","4/24/2018","Apr","6","Company F","Laura Larsen","California","Item 4","159","7","1113"
"0370","4/24/2018","Apr","15","Company O","Anne Lee","New Mexico","Item 2","199","4","796"
"0371","4/24/2018","Apr","18","Company R","Andrew James","Arizona","Item 4","159","8","1272"
"0372","4/24/2018","Apr","7","Company G","Kim Fishman","California","Item 5","289","8","2312"
"0373","4/24/2018","Apr","15","Company O","Michael Fox","New Mexico","Item 2","199","6","1194"
"0374","4/25/2018","Apr","5","Company E","Anna Weber","Texas","Item 1","399","3","1197"
"0375","4/25/2018","Apr","15","Company O","Anne Lee","New Mexico","Item 4","159","4","636"
"0376","4/25/2018","Apr","16","Company P","Andrew James","Arizona","Item 3","69","3","207"
"0377","4/25/2018","Apr","12","Company L","Anne Lee","New Mexico","Item 2","199","6","1194"
"0378","4/25/2018","Apr","11","Company K","Michael Fox","New Mexico","Item 1","399","3","1197"
"0379","4/25/2018","Apr","15","Company O","Michael Fox","New Mexico","Item 4","159","0","0"
"0380","4/26/2018","Apr","19","Company S","Andrew James","Arizona","Item 4","159","5","795"
"0381","4/27/2018","Apr","5","Company E","Anna Weber","Texas","Item 3","69","5","345"
"0382","4/28/2018","Apr","7","Company G","Laura Larsen","California","Item 3","69","8","552"
"0383","4/28/2018","Apr","2","Company B","Anna Weber","Texas","Item 4","159","7","1113"
"0384","4/28/2018","Apr","1","Company A","Ben Wallace","Texas","Item 4","159","5","795"
"0385","4/28/2018","Apr","17","Company Q","Andrew James","Arizona","Item 5","289","3","867"
"0386","4/28/2018","Apr","3","Company C","Anna Weber","Texas","Item 1","399","2","798"
"0387","4/28/2018","Apr","9","Company I","Laura Larsen","California","Item 4","159","8","1272"
"0388","4/28/2018","Apr","20","Company T","Andrew James","Arizona","Item 3","69","4","276"
"0389","4/28/2018","Apr","13","Company M","Anne Lee","New Mexico","Item 5","289","3","867"
"0390","4/28/2018","Apr","1","Company A","Ben Wallace","Texas","Item 5","289","4","1156"
"0391","4/28/2018","Apr","10","Company J","Laura Larsen","California","Item 2","199","0","0"
"0392","4/29/2018","Apr","8","Company H","Kim Fishman","California","Item 5","289","0","0"
"0393","4/29/2018","Apr","14","Company N","Anne Lee","New Mexico","Item 3","69","7","483"
"0394","4/30/2018","Apr","18","Company R","Oscar Knox","Arizona","Item 2","199","3","597"
"0395","5/1/2018","May","18","Company R","Oscar Knox","Arizona","Item 3","69","3","207"
"0396","5/2/2018","May","14","Company N","Anne Lee","New Mexico","Item 4","159","5","795"
"0397","5/2/2018","May","19","Company S","Andrew James","Arizona","Item 5","289","1","289"
"0398","5/3/2018","May","18","Company R","Andrew James","Arizona","Item 4","159","0","0"
"0399","5/3/2018","May","5","Company E","Ben Wallace","Texas","Item 1","399","7","2793"
"0400","5/3/2018","May","19","Company S","Oscar Knox","Arizona","Item 5","289","6","1734"
"0401","5/4/2018","May","5","Company E","Anna Weber","Texas","Item 3","69","0","0"
"0402","5/5/2018","May","16","Company P","Andrew James","Arizona","Item 5","289","8","2312"
"0403","5/5/2018","May","12","Company L","Anne Lee","New Mexico","Item 1","399","6","2394"
"0404","5/6/2018","May","5","Company E","Anna Weber","Texas","Item 4","159","9","1431"
"0405","5/6/2018","May","1","Company A","Anna Weber","Texas","Item 4","159","5","795"
"0406","5/6/2018","May","6","Company F","Laura Larsen","California","Item 4","159","8","1272"
"0407","5/6/2018","May","16","Company P","Andrew James","Arizona","Item 3","69","7","483"
"0408","5/6/2018","May","4","Company D","Ben Wallace","Texas","Item 5","289","6","1734"
"0409","5/6/2018","May","16","Company P","Oscar Knox","Arizona","Item 2","199","3","597"
"0410","5/6/2018","May","16","Company P","Andrew James","Arizona","Item 4","159","4","636"
"0411","5/6/2018","May","8","Company H","Laura Larsen","California","Item 4","159","4","636"
"0412","5/6/2018","May","13","Company M","Michael Fox","New Mexico","Item 3","69","7","483"
"0413","5/6/2018","May","3","Company C","Ben Wallace","Texas","Item 2","199","1","199"
"0414","5/7/2018","May","19","Company S","Oscar Knox","Arizona","Item 3","69","6","414"
"0415","5/8/2018","May","17","Company Q","Andrew James","Arizona","Item 4","159","7","1113"
"0416","5/8/2018","May","13","Company M","Michael Fox","New Mexico","Item 2","199","1","199"
"0417","5/9/2018","May","2","Company B","Anna Weber","Texas","Item 1","399","1","399"
"0418","5/10/2018","May","6","Company F","Laura Larsen","California","Item 4","159","9","1431"
"0419","5/10/2018","May","14","Company N","Michael Fox","New Mexico","Item 2","199","3","597"
"0420","5/11/2018","May","18","Company R","Andrew James","Arizona","Item 4","159","9","1431"
"0421","5/11/2018","May","6","Company F","Laura Larsen","California","Item 4","159","4","636"
"0422","5/12/2018","May","4","Company D","Ben Wallace","Texas","Item 4","159","9","1431"
"0423","5/12/2018","May","5","Company E","Ben Wallace","Texas","Item 3","69","4","276"
"0424","5/12/2018","May","1","Company A","Ben Wallace","Texas","Item 3","69","8","552"
"0425","5/12/2018","May","1","Company A","Ben Wallace","Texas","Item 5","289","7","2023"
"0426","5/12/2018","May","17","Company Q","Andrew James","Arizona","Item 2","199","8","1592"
"0427","5/13/2018","May","5","Company E","Anna Weber","Texas","Item 2","199","6","1194"
"0428","5/13/2018","May","13","Company M","Anne Lee","New Mexico","Item 3","69","3","207"
"0429","5/14/2018","May","18","Company R","Andrew James","Arizona","Item 3","69","9","621"
"0430","5/15/2018","May","16","Company P","Andrew James","Arizona","Item 5","289","7","2023"
"0431","5/15/2018","May","4","Company D","Ben Wallace","Texas","Item 5","289","6","1734"
"0432","5/15/2018","May","2","Company B","Anna Weber","Texas","Item 1","399","3","1197"
"0433","5/15/2018","May","3","Company C","Anna Weber","Texas","Item 5","289","0","0"
"0434","5/15/2018","May","9","Company I","Kim Fishman","California","Item 5","289","5","1445"
"0435","5/15/2018","May","8","Company H","Laura Larsen","California","Item 5","289","5","1445"
"0436","5/15/2018","May","17","Company Q","Andrew James","Arizona","Item 2","199","0","0"
"0437","5/15/2018","May","2","Company B","Ben Wallace","Texas","Item 3","69","7","483"
"0438","5/15/2018","May","2","Company B","Ben Wallace","Texas","Item 3","69","6","414"
"0439","5/15/2018","May","16","Company P","Andrew James","Arizona","Item 4","159","1","159"
"0440","5/15/2018","May","19","Company S","Andrew James","Arizona","Item 3","69","8","552"
"0441","5/15/2018","May","18","Company R","Andrew James","Arizona","Item 2","199","6","1194"
"0442","5/15/2018","May","1","Company A","Anna Weber","Texas","Item 1","399","1","399"
"0443","5/15/2018","May","14","Company N","Michael Fox","New Mexico","Item 3","69","6","414"
"0444","5/16/2018","May","17","Company Q","Andrew James","Arizona","Item 3","69","7","483"
"0445","5/16/2018","May","9","Company I","Laura Larsen","California","Item 2","199","2","398"
"0446","5/16/2018","May","18","Company R","Andrew James","Arizona","Item 3","69","7","483"
"0447","5/16/2018","May","16","Company P","Andrew James","Arizona","Item 1","399","5","1995"
"0448","5/16/2018","May","10","Company J","Kim Fishman","California","Item 4","159","1","159"
"0449","5/16/2018","May","10","Company J","Kim Fishman","California","Item 5","289","6","1734"
"0450","5/16/2018","May","5","Company E","Ben Wallace","Texas","Item 5","289","8","2312"
"0451","5/16/2018","May","10","Company J","Kim Fishman","California","Item 3","69","7","483"
"0452","5/16/2018","May","7","Company G","Laura Larsen","California","Item 3","69","3","207"
"0453","5/16/2018","May","6","Company F","Laura Larsen","California","Item 1","399","3","1197"
"0454","5/16/2018","May","13","Company M","Michael Fox","New Mexico","Item 4","159","8","1272"
"0455","5/17/2018","May","14","Company N","Anne Lee","New Mexico","Item 3","69","9","621"
"0456","5/17/2018","May","3","Company C","Anna Weber","Texas","Item 1","399","7","2793"
"0457","5/17/2018","May","3","Company C","Anna Weber","Texas","Item 4","159","9","1431"
"0458","5/17/2018","May","12","Company L","Anne Lee","New Mexico","Item 2","199","3","597"
"0459","5/17/2018","May","5","Company E","Ben Wallace","Texas","Item 4","159","1","159"
"0460","5/18/2018","May","11","Company K","Anne Lee","New Mexico","Item 4","159","4","636"
"0461","5/18/2018","May","7","Company G","Laura Larsen","California","Item 1","399","0","0"
"0462","5/18/2018","May","1","Company A","Anna Weber","Texas","Item 1","399","3","1197"
"0463","5/19/2018","May","10","Company J","Kim Fishman","California","Item 1","399","9","3591"
"0464","5/19/2018","May","4","Company D","Ben Wallace","Texas","Item 5","289","2","578"
"0465","5/19/2018","May","11","Company K","Anne Lee","New Mexico","Item 4","159","9","1431"
"0466","5/19/2018","May","2","Company B","Anna Weber","Texas","Item 4","159","3","477"
"0467","5/19/2018","May","4","Company D","Anna Weber","Texas","Item 2","199","0","0"
"0468","5/19/2018","May","18","Company R","Andrew James","Arizona","Item 4","159","9","1431"
"0469","5/20/2018","May","2","Company B","Anna Weber","Texas","Item 5","289","1","289"
"0470","5/20/2018","May","14","Company N","Michael Fox","New Mexico","Item 1","399","9","3591"
"0471","5/21/2018","May","5","Company E","Ben Wallace","Texas","Item 5","289","4","1156"
"0472","5/22/2018","May","5","Company E","Anna Weber","Texas","Item 1","399","3","1197"
"0473","5/23/2018","May","13","Company M","Michael Fox","New Mexico","Item 5","289","8","2312"
"0474","5/23/2018","May","18","Company R","Andrew James","Arizona","Item 1","399","3","1197"
"0475","5/23/2018","May","13","Company M","Michael Fox","New Mexico","Item 2","199","2","398"
"0476","5/23/2018","May","8","Company H","Kim Fishman","California","Item 4","159","3","477"
"0477","5/23/2018","May","7","Company G","Kim Fishman","California","Item 5","289","5","1445"
"0478","5/23/2018","May","6","Company F","Kim Fishman","California","Item 4","159","3","477"
"0479","5/23/2018","May","7","Company G","Kim Fishman","California","Item 4","159","2","318"
"0480","5/23/2018","May","18","Company R","Oscar Knox","Arizona","Item 3","69","9","621"
"0481","5/24/2018","May","17","Company Q","Oscar Knox","Arizona","Item 5","289","3","867"
"0482","5/24/2018","May","11","Company K","Michael Fox","New Mexico","Item 3","69","6","414"
"0483","5/24/2018","May","16","Company P","Oscar Knox","Arizona","Item 3","69","6","414"
"0484","5/24/2018","May","4","Company D","Ben Wallace","Texas","Item 2","199","4","796"
"0485","5/25/2018","May","16","Company P","Oscar Knox","Arizona","Item 2","199","7","1393"
"0486","5/25/2018","May","8","Company H","Kim Fishman","California","Item 4","159","4","636"
"0487","5/25/2018","May","4","Company D","Ben Wallace","Texas","Item 5","289","4","1156"
"0488","5/25/2018","May","20","Company T","Oscar Knox","Arizona","Item 4","159","2","318"
"0489","5/25/2018","May","13","Company M","Michael Fox","New Mexico","Item 4","159","7","1113"
"0490","5/25/2018","May","13","Company M","Michael Fox","New Mexico","Item 4","159","4","636"
"0491","5/25/2018","May","17","Company Q","Andrew James","Arizona","Item 3","69","3","207"
"0492","5/25/2018","May","3","Company C","Anna Weber","Texas","Item 5","289","6","1734"
"0493","5/26/2018","May","9","Company I","Laura Larsen","California","Item 1","399","2","798"
"0494","5/26/2018","May","16","Company P","Andrew James","Arizona","Item 4","159","9","1431"
"0495","5/26/2018","May","13","Company M","Michael Fox","New Mexico","Item 2","199","5","995"
"0496","5/26/2018","May","9","Company I","Kim Fishman","California","Item 5","289","6","1734"
"0497","5/26/2018","May","4","Company D","Ben Wallace","Texas","Item 5","289","1","289"
"0498","5/26/2018","May","8","Company H","Laura Larsen","California","Item 3","69","8","552"
"0499","5/26/2018","May","18","Company R","Oscar Knox","Arizona","Item 2","199","8","1592"
"0500","5/26/2018","May","4","Company D","Anna Weber","Texas","Item 5","289","6","1734"
"0501","5/27/2018","May","2","Company B","Anna Weber","Texas","Item 2","199","5","995"
"0502","5/27/2018","May","2","Company B","Anna Weber","Texas","Item 2","199","0","0"
"0503","5/27/2018","May","10","Company J","Laura Larsen","California","Item 5","289","8","2312"
"0504","5/28/2018","May","9","Company I","Kim Fishman","California","Item 2","199","6","1194"
"0505","5/29/2018","May","12","Company L","Anne Lee","New Mexico","Item 2","199","2","398"
"0506","5/29/2018","May","17","Company Q","Oscar Knox","Arizona","Item 3","69","4","276"
"0507","5/29/2018","May","2","Company B","Ben Wallace","Texas","Item 1","399","9","3591"
"0508","5/29/2018","May","19","Company S","Andrew James","Arizona","Item 1","399","6","2394"
"0509","5/30/2018","May","19","Company S","Oscar Knox","Arizona","Item 4","159","8","1272"
"0510","5/30/2018","May","2","Company B","Anna Weber","Texas","Item 3","69","5","345"
"0511","5/30/2018","May","19","Company S","Oscar Knox","Arizona","Item 5","289","9","2601"
"0512","5/30/2018","May","2","Company B","Ben Wallace","Texas","Item 3","69","9","621"
"0513","5/31/2018","May","14","Company N","Anne Lee","New Mexico","Item 3","69","3","207"
"0514","6/1/2018","Jun","14","Company N","Michael Fox","New Mexico","Item 3","69","0","0"
"0515","6/1/2018","Jun","8","Company H","Laura Larsen","California","Item 5","289","4","1156"
"0516","6/1/2018","Jun","4","Company D","Ben Wallace","Texas","Item 5","289","3","867"
"0517","6/2/2018","Jun","19","Company S","Oscar Knox","Arizona","Item 5","289","4","1156"
"0518","6/2/2018","Jun","9","Company I","Kim Fishman","California","Item 2","199","7","1393"
"0519","6/3/2018","Jun","5","Company E","Ben Wallace","Texas","Item 2","199","9","1791"
"0520","6/3/2018","Jun","18","Company R","Oscar Knox","Arizona","Item 1","399","7","2793"
"0521","6/3/2018","Jun","5","Company E","Ben Wallace","Texas","Item 5","289","3","867"
"0522","6/3/2018","Jun","12","Company L","Anne Lee","New Mexico","Item 2","199","9","1791"
"0523","6/3/2018","Jun","18","Company R","Oscar Knox","Arizona","Item 5","289","7","2023"
"0524","6/3/2018","Jun","4","Company D","Anna Weber","Texas","Item 3","69","9","621"
"0525","6/3/2018","Jun","7","Company G","Kim Fishman","California","Item 4","159","3","477"
"0526","6/3/2018","Jun","20","Company T","Andrew James","Arizona","Item 5","289","7","2023"
"0527","6/3/2018","Jun","1","Company A","Ben Wallace","Texas","Item 5","289","7","2023"
"0528","6/3/2018","Jun","4","Company D","Anna Weber","Texas","Item 5","289","9","2601"
"0529","6/3/2018","Jun","13","Company M","Anne Lee","New Mexico","Item 2","199","8","1592"
"0530","6/3/2018","Jun","16","Company P","Andrew James","Arizona","Item 1","399","7","2793"
"0531","6/4/2018","Jun","8","Company H","Kim Fishman","California","Item 2","199","3","597"
"0532","6/4/2018","Jun","11","Company K","Anne Lee","New Mexico","Item 1","399","8","3192"
"0533","6/5/2018","Jun","8","Company H","Laura Larsen","California","Item 2","199","5","995"
"0534","6/5/2018","Jun","7","Company G","Laura Larsen","California","Item 4","159","9","1431"
"0535","6/5/2018","Jun","19","Company S","Oscar Knox","Arizona","Item 2","199","2","398"
"0536","6/5/2018","Jun","17","Company Q","Andrew James","Arizona","Item 3","69","0","0"
"0537","6/6/2018","Jun","9","Company I","Laura Larsen","California","Item 2","199","1","199"
"0538","6/6/2018","Jun","8","Company H","Laura Larsen","California","Item 2","199","2","398"
"0539","6/7/2018","Jun","19","Company S","Oscar Knox","Arizona","Item 2","199","0","0"
"0540","6/8/2018","Jun","9","Company I","Laura Larsen","California","Item 4","159","3","477"
"0541","6/8/2018","Jun","9","Company I","Laura Larsen","California","Item 5","289","9","2601"
"0542","6/8/2018","Jun","9","Company I","Laura Larsen","California","Item 1","399","5","1995"
"0543","6/8/2018","Jun","20","Company T","Andrew James","Arizona","Item 4","159","5","795"
"0544","6/9/2018","Jun","9","Company I","Laura Larsen","California","Item 5","289","6","1734"
"0545","6/9/2018","Jun","14","Company N","Anne Lee","New Mexico","Item 1","399","0","0"
"0546","6/10/2018","Jun","4","Company D","Ben Wallace","Texas","Item 2","199","5","995"
"0547","6/11/2018","Jun","6","Company F","Kim Fishman","California","Item 3","69","7","483"
"0548","6/11/2018","Jun","2","Company B","Ben Wallace","Texas","Item 2","199","7","1393"
"0549","6/11/2018","Jun","17","Company Q","Oscar Knox","Arizona","Item 2","199","2","398"
"0550","6/11/2018","Jun","18","Company R","Oscar Knox","Arizona","Item 4","159","0","0"
"0551","6/11/2018","Jun","5","Company E","Anna Weber","Texas","Item 3","69","5","345"
"0552","6/11/2018","Jun","2","Company B","Ben Wallace","Texas","Item 5","289","5","1445"
"0553","6/11/2018","Jun","11","Company K","Michael Fox","New Mexico","Item 1","399","0","0"
"0554","6/12/2018","Jun","19","Company S","Oscar Knox","Arizona","Item 2","199","4","796"
"0555","6/12/2018","Jun","6","Company F","Kim Fishman","California","Item 2","199","9","1791"
"0556","6/12/2018","Jun","10","Company J","Laura Larsen","California","Item 1","399","0","0"
"0557","6/12/2018","Jun","5","Company E","Ben Wallace","Texas","Item 4","159","1","159"
"0558","6/13/2018","Jun","14","Company N","Anne Lee","New Mexico","Item 1","399","9","3591"
"0559","6/13/2018","Jun","2","Company B","Ben Wallace","Texas","Item 5","289","2","578"
"0560","6/13/2018","Jun","15","Company O","Anne Lee","New Mexico","Item 5","289","5","1445"
"0561","6/14/2018","Jun","13","Company M","Michael Fox","New Mexico","Item 5","289","3","867"
"0562","6/15/2018","Jun","17","Company Q","Andrew James","Arizona","Item 5","289","6","1734"
"0563","6/16/2018","Jun","13","Company M","Michael Fox","New Mexico","Item 1","399","0","0"
"0564","6/16/2018","Jun","15","Company O","Michael Fox","New Mexico","Item 1","399","6","2394"
"0565","6/16/2018","Jun","1","Company A","Anna Weber","Texas","Item 2","199","0","0"
"0566","6/16/2018","Jun","10","Company J","Kim Fishman","California","Item 4","159","8","1272"
"0567","6/16/2018","Jun","1","Company A","Ben Wallace","Texas","Item 4","159","8","1272"
"0568","6/16/2018","Jun","14","Company N","Anne Lee","New Mexico","Item 1","399","0","0"
"0569","6/17/2018","Jun","18","Company R","Oscar Knox","Arizona","Item 4","159","7","1113"
"0570","6/18/2018","Jun","3","Company C","Ben Wallace","Texas","Item 5","289","3","867"
"0571","6/18/2018","Jun","3","Company C","Ben Wallace","Texas","Item 5","289","1","289"
"0572","6/18/2018","Jun","11","Company K","Anne Lee","New Mexico","Item 4","159","4","636"
"0573","6/19/2018","Jun","20","Company T","Oscar Knox","Arizona","Item 1","399","5","1995"
"0574","6/20/2018","Jun","5","Company E","Anna Weber","Texas","Item 4","159","3","477"
"0575","6/20/2018","Jun","18","Company R","Andrew James","Arizona","Item 3","69","1","69"
"0576","6/20/2018","Jun","4","Company D","Ben Wallace","Texas","Item 3","69","3","207"
"0577","6/20/2018","Jun","12","Company L","Michael Fox","New Mexico","Item 4","159","6","954"
"0578","6/21/2018","Jun","14","Company N","Michael Fox","New Mexico","Item 1","399","9","3591"
"0579","6/22/2018","Jun","7","Company G","Kim Fishman","California","Item 1","399","0","0"
"0580","6/22/2018","Jun","15","Company O","Anne Lee","New Mexico","Item 4","159","6","954"
"0581","6/22/2018","Jun","15","Company O","Michael Fox","New Mexico","Item 4","159","8","1272"
"0582","6/22/2018","Jun","15","Company O","Anne Lee","New Mexico","Item 1","399","4","1596"
"0583","6/22/2018","Jun","10","Company J","Laura Larsen","California","Item 1","399","3","1197"
"0584","6/22/2018","Jun","18","Company R","Andrew James","Arizona","Item 3","69","0","0"
"0585","6/22/2018","Jun","5","Company E","Anna Weber","Texas","Item 2","199","1","199"
"0586","6/22/2018","Jun","4","Company D","Anna Weber","Texas","Item 5","289","5","1445"
"0587","6/22/2018","Jun","20","Company T","Andrew James","Arizona","Item 3","69","3","207"
"0588","6/23/2018","Jun","17","Company Q","Oscar Knox","Arizona","Item 3","69","1","69"
"0589","6/24/2018","Jun","5","Company E","Anna Weber","Texas","Item 1","399","3","1197"
"0590","6/24/2018","Jun","18","Company R","Andrew James","Arizona","Item 4","159","5","795"
"0591","6/25/2018","Jun","4","Company D","Ben Wallace","Texas","Item 5","289","3","867"
"0592","6/26/2018","Jun","6","Company F","Laura Larsen","California","Item 5","289","9","2601"
"0593","6/26/2018","Jun","17","Company Q","Oscar Knox","Arizona","Item 3","69","9","621"
"0594","6/26/2018","Jun","2","Company B","Ben Wallace","Texas","Item 5","289","1","289"
"0595","6/26/2018","Jun","10","Company J","Laura Larsen","California","Item 2","199","6","1194"
"0596","6/26/2018","Jun","11","Company K","Anne Lee","New Mexico","Item 1","399","9","3591"
"0597","6/27/2018","Jun","4","Company D","Anna Weber","Texas","Item 3","69","8","552"
"0598","6/28/2018","Jun","10","Company J","Kim Fishman","California","Item 1","399","9","3591"
"0599","6/28/2018","Jun","2","Company B","Anna Weber","Texas","Item 4","159","5","795"
"0600","6/28/2018","Jun","5","Company E","Anna Weber","Texas","Item 5","289","0","0"
"0601","6/28/2018","Jun","10","Company J","Laura Larsen","California","Item 3","69","3","207"
"0602","6/28/2018","Jun","12","Company L","Anne Lee","New Mexico","Item 2","199","3","597"
"0603","6/28/2018","Jun","11","Company K","Michael Fox","New Mexico","Item 5","289","7","2023"
"0604","6/28/2018","Jun","1","Company A","Ben Wallace","Texas","Item 5","289","8","2312"
"0605","6/29/2018","Jun","15","Company O","Anne Lee","New Mexico","Item 4","159","5","795"
"0606","6/30/2018","Jun","12","Company L","Michael Fox","New Mexico","Item 5","289","3","867"
"0607","6/30/2018","Jun","20","Company T","Oscar Knox","Arizona","Item 1","399","7","2793"
"0608","6/30/2018","Jun","12","Company L","Michael Fox","New Mexico","Item 3","69","4","276"
"0609","6/30/2018","Jun","19","Company S","Oscar Knox","Arizona","Item 3","69","4","276"
"0610","7/1/2018","Jul","12","Company L","Anne Lee","New Mexico","Item 3","69","8","552"
"0611","7/1/2018","Jul","10","Company J","Laura Larsen","California","Item 5","289","9","2601"
"0612","7/1/2018","Jul","17","Company Q","Oscar Knox","Arizona","Item 5","289","9","2601"
"0613","7/2/2018","Jul","15","Company O","Anne Lee","New Mexico","Item 3","69","2","138"
"0614","7/3/2018","Jul","20","Company T","Andrew James","Arizona","Item 5","289","0","0"
"0615","7/4/2018","Jul","10","Company J","Kim Fishman","California","Item 4","159","2","318"
"0616","7/5/2018","Jul","11","Company K","Anne Lee","New Mexico","Item 3","69","7","483"
"0617","7/6/2018","Jul","19","Company S","Andrew James","Arizona","Item 2","199","8","1592"
"0618","7/6/2018","Jul","19","Company S","Andrew James","Arizona","Item 1","399","0","0"
"0619","7/7/2018","Jul","17","Company Q","Andrew James","Arizona","Item 5","289","6","1734"
"0620","7/7/2018","Jul","20","Company T","Andrew James","Arizona","Item 4","159","9","1431"
"0621","7/7/2018","Jul","10","Company J","Laura Larsen","California","Item 4","159","7","1113"
"0622","7/7/2018","Jul","13","Company M","Anne Lee","New Mexico","Item 4","159","9","1431"
"0623","7/7/2018","Jul","14","Company N","Anne Lee","New Mexico","Item 2","199","0","0"
"0624","7/8/2018","Jul","3","Company C","Ben Wallace","Texas","Item 2","199","4","796"
"0625","7/8/2018","Jul","17","Company Q","Oscar Knox","Arizona","Item 1","399","8","3192"
"0626","7/8/2018","Jul","1","Company A","Anna Weber","Texas","Item 5","289","0","0"
"0627","7/8/2018","Jul","18","Company R","Oscar Knox","Arizona","Item 3","69","4","276"
"0628","7/8/2018","Jul","14","Company N","Michael Fox","New Mexico","Item 1","399","5","1995"
"0629","7/8/2018","Jul","2","Company B","Ben Wallace","Texas","Item 3","69","6","414"
"0630","7/9/2018","Jul","10","Company J","Kim Fishman","California","Item 4","159","3","477"
"0631","7/10/2018","Jul","13","Company M","Michael Fox","New Mexico","Item 2","199","4","796"
"0632","7/10/2018","Jul","17","Company Q","Oscar Knox","Arizona","Item 3","69","3","207"
"0633","7/11/2018","Jul","20","Company T","Oscar Knox","Arizona","Item 4","159","3","477"
"0634","7/11/2018","Jul","5","Company E","Anna Weber","Texas","Item 1","399","0","0"
"0635","7/11/2018","Jul","3","Company C","Anna Weber","Texas","Item 4","159","5","795"
"0636","7/12/2018","Jul","16","Company P","Oscar Knox","Arizona","Item 3","69","5","345"
"0637","7/13/2018","Jul","17","Company Q","Oscar Knox","Arizona","Item 4","159","6","954"
"0638","7/13/2018","Jul","11","Company K","Michael Fox","New Mexico","Item 4","159","5","795"
"0639","7/13/2018","Jul","16","Company P","Oscar Knox","Arizona","Item 1","399","3","1197"
"0640","7/14/2018","Jul","20","Company T","Andrew James","Arizona","Item 5","289","4","1156"
"0641","7/14/2018","Jul","10","Company J","Laura Larsen","California","Item 1","399","7","2793"
"0642","7/15/2018","Jul","10","Company J","Laura Larsen","California","Item 1","399","9","3591"
"0643","7/15/2018","Jul","13","Company M","Michael Fox","New Mexico","Item 1","399","8","3192"
"0644","7/16/2018","Jul","6","Company F","Laura Larsen","California","Item 2","199","6","1194"
"0645","7/16/2018","Jul","1","Company A","Anna Weber","Texas","Item 3","69","9","621"
"0646","7/16/2018","Jul","14","Company N","Michael Fox","New Mexico","Item 2","199","0","0"
"0647","7/16/2018","Jul","13","Company M","Michael Fox","New Mexico","Item 5","289","3","867"
"0648","7/16/2018","Jul","8","Company H","Kim Fishman","California","Item 2","199","1","199"
"0649","7/17/2018","Jul","8","Company H","Laura Larsen","California","Item 1","399","5","1995"
"0650","7/17/2018","Jul","13","Company M","Anne Lee","New Mexico","Item 5","289","3","867"
"0651","7/17/2018","Jul","17","Company Q","Andrew James","Arizona","Item 4","159","2","318"
"0652","7/17/2018","Jul","15","Company O","Anne Lee","New Mexico","Item 4","159","3","477"
"0653","7/18/2018","Jul","5","Company E","Ben Wallace","Texas","Item 4","159","1","159"
"0654","7/18/2018","Jul","1","Company A","Anna Weber","Texas","Item 3","69","0","0"
"0655","7/18/2018","Jul","2","Company B","Anna Weber","Texas","Item 5","289","2","578"
"0656","7/18/2018","Jul","12","Company L","Anne Lee","New Mexico","Item 4","159","5","795"
"0657","7/18/2018","Jul","6","Company F","Laura Larsen","California","Item 3","69","3","207"
"0658","7/18/2018","Jul","5","Company E","Anna Weber","Texas","Item 4","159","9","1431"
"0659","7/19/2018","Jul","15","Company O","Anne Lee","New Mexico","Item 2","199","1","199"
"0660","7/19/2018","Jul","1","Company A","Anna Weber","Texas","Item 5","289","4","1156"
"0661","7/20/2018","Jul","16","Company P","Oscar Knox","Arizona","Item 4","159","3","477"
"0662","7/20/2018","Jul","9","Company I","Laura Larsen","California","Item 3","69","2","138"
"0663","7/20/2018","Jul","20","Company T","Oscar Knox","Arizona","Item 4","159","4","636"
"0664","7/21/2018","Jul","14","Company N","Anne Lee","New Mexico","Item 1","399","5","1995"
"0665","7/22/2018","Jul","1","Company A","Anna Weber","Texas","Item 1","399","8","3192"
"0666","7/22/2018","Jul","13","Company M","Anne Lee","New Mexico","Item 3","69","0","0"
"0667","7/23/2018","Jul","14","Company N","Anne Lee","New Mexico","Item 3","69","8","552"
"0668","7/24/2018","Jul","10","Company J","Kim Fishman","California","Item 3","69","2","138"
"0669","7/24/2018","Jul","9","Company I","Kim Fishman","California","Item 1","399","6","2394"
"0670","7/24/2018","Jul","2","Company B","Anna Weber","Texas","Item 2","199","1","199"
"0671","7/24/2018","Jul","13","Company M","Michael Fox","New Mexico","Item 1","399","1","399"
"0672","7/25/2018","Jul","12","Company L","Michael Fox","New Mexico","Item 4","159","7","1113"
"0673","7/25/2018","Jul","17","Company Q","Oscar Knox","Arizona","Item 4","159","8","1272"
"0674","7/26/2018","Jul","18","Company R","Andrew James","Arizona","Item 5","289","8","2312"
"0675","7/26/2018","Jul","13","Company M","Michael Fox","New Mexico","Item 4","159","4","636"
"0676","7/26/2018","Jul","15","Company O","Michael Fox","New Mexico","Item 3","69","4","276"
"0677","7/26/2018","Jul","15","Company O","Michael Fox","New Mexico","Item 4","159","9","1431"
"0678","7/26/2018","Jul","18","Company R","Andrew James","Arizona","Item 3","69","6","414"
"0679","7/26/2018","Jul","7","Company G","Kim Fishman","California","Item 4","159","6","954"
"0680","7/26/2018","Jul","13","Company M","Michael Fox","New Mexico","Item 3","69","3","207"
"0681","7/26/2018","Jul","3","Company C","Ben Wallace","Texas","Item 3","69","4","276"
"0682","7/27/2018","Jul","18","Company R","Oscar Knox","Arizona","Item 5","289","3","867"
"0683","7/27/2018","Jul","16","Company P","Andrew James","Arizona","Item 5","289","6","1734"
"0684","7/27/2018","Jul","18","Company R","Oscar Knox","Arizona","Item 4","159","3","477"
"0685","7/27/2018","Jul","11","Company K","Anne Lee","New Mexico","Item 2","199","4","796"
"0686","7/27/2018","Jul","1","Company A","Ben Wallace","Texas","Item 3","69","1","69"
"0687","7/27/2018","Jul","15","Company O","Anne Lee","New Mexico","Item 3","69","0","0"
"0688","7/27/2018","Jul","19","Company S","Oscar Knox","Arizona","Item 2","199","5","995"
"0689","7/27/2018","Jul","19","Company S","Andrew James","Arizona","Item 4","159","8","1272"
"0690","7/27/2018","Jul","5","Company E","Anna Weber","Texas","Item 1","399","5","1995"
"0691","7/27/2018","Jul","19","Company S","Oscar Knox","Arizona","Item 5","289","2","578"
"0692","7/27/2018","Jul","7","Company G","Laura Larsen","California","Item 5","289","4","1156"
"0693","7/27/2018","Jul","11","Company K","Michael Fox","New Mexico","Item 2","199","5","995"
"0694","7/27/2018","Jul","8","Company H","Laura Larsen","California","Item 4","159","8","1272"
"0695","7/28/2018","Jul","12","Company L","Anne Lee","New Mexico","Item 5","289","7","2023"
"0696","7/29/2018","Jul","3","Company C","Ben Wallace","Texas","Item 2","199","8","1592"
"0697","7/29/2018","Jul","5","Company E","Ben Wallace","Texas","Item 4","159","1","159"
"0698","7/30/2018","Jul","8","Company H","Laura Larsen","California","Item 5","289","9","2601"
"0699","7/31/2018","Jul","5","Company E","Ben Wallace","Texas","Item 2","199","3","597"
"0700","8/1/2018","Aug","20","Company T","Andrew James","Arizona","Item 5","289","0","0"
"0701","8/2/2018","Aug","15","Company O","Michael Fox","New Mexico","Item 5","289","2","578"
"0702","8/3/2018","Aug","6","Company F","Laura Larsen","California","Item 2","199","3","597"
"0703","8/3/2018","Aug","19","Company S","Andrew James","Arizona","Item 5","289","9","2601"
"0704","8/3/2018","Aug","15","Company O","Michael Fox","New Mexico","Item 5","289","6","1734"
"0705","8/3/2018","Aug","14","Company N","Michael Fox","New Mexico","Item 5","289","0","0"
"0706","8/3/2018","Aug","7","Company G","Laura Larsen","California","Item 4","159","2","318"
"0707","8/3/2018","Aug","10","Company J","Laura Larsen","California","Item 2","199","1","199"
"0708","8/3/2018","Aug","1","Company A","Anna Weber","Texas","Item 5","289","4","1156"
"0709","8/3/2018","Aug","1","Company A","Anna Weber","Texas","Item 4","159","9","1431"
"0710","8/3/2018","Aug","13","Company M","Michael Fox","New Mexico","Item 5","289","8","2312"
"0711","8/3/2018","Aug","19","Company S","Oscar Knox","Arizona","Item 2","199","1","199"
"0712","8/4/2018","Aug","12","Company L","Michael Fox","New Mexico","Item 4","159","0","0"
"0713","8/4/2018","Aug","19","Company S","Oscar Knox","Arizona","Item 4","159","8","1272"
"0714","8/5/2018","Aug","4","Company D","Anna Weber","Texas","Item 5","289","6","1734"
"0715","8/5/2018","Aug","13","Company M","Anne Lee","New Mexico","Item 4","159","5","795"
"0716","8/5/2018","Aug","4","Company D","Anna Weber","Texas","Item 3","69","8","552"
"0717","8/5/2018","Aug","12","Company L","Michael Fox","New Mexico","Item 2","199","2","398"
"0718","8/6/2018","Aug","13","Company M","Anne Lee","New Mexico","Item 4","159","3","477"
"0719","8/6/2018","Aug","2","Company B","Ben Wallace","Texas","Item 4","159","4","636"
"0720","8/7/2018","Aug","9","Company I","Laura Larsen","California","Item 5","289","9","2601"
"0721","8/7/2018","Aug","7","Company G","Laura Larsen","California","Item 4","159","5","795"
"0722","8/7/2018","Aug","11","Company K","Anne Lee","New Mexico","Item 4","159","4","636"
"0723","8/8/2018","Aug","8","Company H","Laura Larsen","California","Item 1","399","2","798"
"0724","8/8/2018","Aug","7","Company G","Laura Larsen","California","Item 5","289","5","1445"
"0725","8/8/2018","Aug","8","Company H","Kim Fishman","California","Item 5","289","2","578"
"0726","8/8/2018","Aug","8","Company H","Laura Larsen","California","Item 5","289","1","289"
"0727","8/8/2018","Aug","17","Company Q","Andrew James","Arizona","Item 3","69","3","207"
"0728","8/9/2018","Aug","10","Company J","Kim Fishman","California","Item 5","289","7","2023"
"0729","8/9/2018","Aug","6","Company F","Laura Larsen","California","Item 2","199","7","1393"
"0730","8/10/2018","Aug","18","Company R","Andrew James","Arizona","Item 1","399","4","1596"
"0731","8/10/2018","Aug","13","Company M","Michael Fox","New Mexico","Item 1","399","4","1596"
"0732","8/10/2018","Aug","1","Company A","Ben Wallace","Texas","Item 5","289","6","1734"
"0733","8/10/2018","Aug","17","Company Q","Andrew James","Arizona","Item 4","159","4","636"
"0734","8/10/2018","Aug","3","Company C","Anna Weber","Texas","Item 5","289","2","578"
"0735","8/11/2018","Aug","3","Company C","Ben Wallace","Texas","Item 1","399","0","0"
"0736","8/11/2018","Aug","14","Company N","Michael Fox","New Mexico","Item 4","159","6","954"
"0737","8/11/2018","Aug","12","Company L","Anne Lee","New Mexico","Item 4","159","5","795"
"0738","8/12/2018","Aug","8","Company H","Kim Fishman","California","Item 1","399","7","2793"
"0739","8/13/2018","Aug","1","Company A","Ben Wallace","Texas","Item 3","69","6","414"
"0740","8/13/2018","Aug","19","Company S","Andrew James","Arizona","Item 2","199","4","796"
"0741","8/14/2018","Aug","1","Company A","Ben Wallace","Texas","Item 5","289","7","2023"
"0742","8/14/2018","Aug","18","Company R","Andrew James","Arizona","Item 5","289","0","0"
"0743","8/15/2018","Aug","19","Company S","Oscar Knox","Arizona","Item 3","69","9","621"
"0744","8/16/2018","Aug","12","Company L","Anne Lee","New Mexico","Item 3","69","5","345"
"0745","8/16/2018","Aug","8","Company H","Kim Fishman","California","Item 1","399","0","0"
"0746","8/17/2018","Aug","2","Company B","Ben Wallace","Texas","Item 4","159","8","1272"
"0747","8/17/2018","Aug","6","Company F","Kim Fishman","California","Item 2","199","3","597"
"0748","8/18/2018","Aug","8","Company H","Kim Fishman","California","Item 2","199","7","1393"
"0749","8/18/2018","Aug","11","Company K","Anne Lee","New Mexico","Item 5","289","3","867"
"0750","8/18/2018","Aug","20","Company T","Andrew James","Arizona","Item 4","159","9","1431"
"0751","8/18/2018","Aug","10","Company J","Kim Fishman","California","Item 5","289","5","1445"
"0752","8/19/2018","Aug","8","Company H","Laura Larsen","California","Item 1","399","1","399"
"0753","8/19/2018","Aug","5","Company E","Anna Weber","Texas","Item 1","399","6","2394"
"0754","8/20/2018","Aug","14","Company N","Anne Lee","New Mexico","Item 2","199","2","398"
"0755","8/20/2018","Aug","20","Company T","Oscar Knox","Arizona","Item 2","199","6","1194"
"0756","8/20/2018","Aug","17","Company Q","Oscar Knox","Arizona","Item 1","399","6","2394"
"0757","8/20/2018","Aug","13","Company M","Anne Lee","New Mexico","Item 5","289","0","0"
"0758","8/20/2018","Aug","10","Company J","Laura Larsen","California","Item 1","399","4","1596"
"0759","8/20/2018","Aug","3","Company C","Ben Wallace","Texas","Item 5","289","1","289"
"0760","8/21/2018","Aug","19","Company S","Andrew James","Arizona","Item 1","399","6","2394"
"0761","8/21/2018","Aug","16","Company P","Andrew James","Arizona","Item 4","159","6","954"
"0762","8/21/2018","Aug","16","Company P","Andrew James","Arizona","Item 5","289","2","578"
"0763","8/21/2018","Aug","17","Company Q","Oscar Knox","Arizona","Item 3","69","8","552"
"0764","8/22/2018","Aug","8","Company H","Laura Larsen","California","Item 1","399","2","798"
"0765","8/22/2018","Aug","19","Company S","Andrew James","Arizona","Item 4","159","8","1272"
"0766","8/22/2018","Aug","14","Company N","Anne Lee","New Mexico","Item 1","399","9","3591"
"0767","8/23/2018","Aug","13","Company M","Michael Fox","New Mexico","Item 2","199","1","199"
"0768","8/24/2018","Aug","15","Company O","Anne Lee","New Mexico","Item 4","159","1","159"
"0769","8/25/2018","Aug","7","Company G","Kim Fishman","California","Item 1","399","6","2394"
"0770","8/25/2018","Aug","11","Company K","Michael Fox","New Mexico","Item 1","399","0","0"
"0771","8/26/2018","Aug","4","Company D","Anna Weber","Texas","Item 5","289","2","578"
"0772","8/26/2018","Aug","6","Company F","Laura Larsen","California","Item 5","289","3","867"
"0773","8/26/2018","Aug","20","Company T","Andrew James","Arizona","Item 3","69","0","0"
"0774","8/26/2018","Aug","15","Company O","Michael Fox","New Mexico","Item 3","69","2","138"
"0775","8/26/2018","Aug","13","Company M","Anne Lee","New Mexico","Item 1","399","1","399"
"0776","8/27/2018","Aug","17","Company Q","Andrew James","Arizona","Item 1","399","2","798"
"0777","8/27/2018","Aug","4","Company D","Ben Wallace","Texas","Item 1","399","3","1197"
"0778","8/27/2018","Aug","2","Company B","Anna Weber","Texas","Item 5","289","5","1445"
"0779","8/27/2018","Aug","14","Company N","Anne Lee","New Mexico","Item 5","289","6","1734"
"0780","8/27/2018","Aug","7","Company G","Kim Fishman","California","Item 1","399","8","3192"
"0781","8/28/2018","Aug","11","Company K","Anne Lee","New Mexico","Item 3","69","6","414"
"0782","8/29/2018","Aug","1","Company A","Anna Weber","Texas","Item 4","159","9","1431"
"0783","8/29/2018","Aug","8","Company H","Kim Fishman","California","Item 1","399","3","1197"
"0784","8/29/2018","Aug","2","Company B","Anna Weber","Texas","Item 2","199","5","995"
"0785","8/29/2018","Aug","5","Company E","Ben Wallace","Texas","Item 1","399","6","2394"
"0786","8/29/2018","Aug","4","Company D","Ben Wallace","Texas","Item 5","289","6","1734"
"0787","8/30/2018","Aug","14","Company N","Michael Fox","New Mexico","Item 3","69","1","69"
"0788","8/30/2018","Aug","14","Company N","Anne Lee","New Mexico","Item 2","199","6","1194"
"0789","8/30/2018","Aug","6","Company F","Laura Larsen","California","Item 4","159","8","1272"
"0790","8/30/2018","Aug","13","Company M","Anne Lee","New Mexico","Item 4","159","8","1272"
"0791","8/31/2018","Aug","18","Company R","Oscar Knox","Arizona","Item 1","399","3","1197"
"0792","8/31/2018","Aug","16","Company P","Oscar Knox","Arizona","Item 4","159","9","1431"
"0793","9/1/2018","Sep","10","Company J","Laura Larsen","California","Item 1","399","3","1197"
"0794","9/1/2018","Sep","11","Company K","Michael Fox","New Mexico","Item 2","199","8","1592"
"0795","9/1/2018","Sep","13","Company M","Anne Lee","New Mexico","Item 2","199","9","1791"
"0796","9/1/2018","Sep","18","Company R","Andrew James","Arizona","Item 5","289","4","1156"
"0797","9/2/2018","Sep","4","Company D","Ben Wallace","Texas","Item 3","69","2","138"
"0798","9/2/2018","Sep","20","Company T","Andrew James","Arizona","Item 3","69","6","414"
"0799","9/3/2018","Sep","16","Company P","Andrew James","Arizona","Item 1","399","5","1995"
"0800","9/3/2018","Sep","3","Company C","Ben Wallace","Texas","Item 4","159","4","636"
"0801","9/3/2018","Sep","10","Company J","Laura Larsen","California","Item 5","289","7","2023"
"0802","9/3/2018","Sep","6","Company F","Laura Larsen","California","Item 1","399","8","3192"
"0803","9/3/2018","Sep","17","Company Q","Andrew James","Arizona","Item 2","199","5","995"
"0804","9/4/2018","Sep","16","Company P","Oscar Knox","Arizona","Item 3","69","1","69"
"0805","9/5/2018","Sep","19","Company S","Andrew James","Arizona","Item 1","399","7","2793"
"0806","9/5/2018","Sep","5","Company E","Anna Weber","Texas","Item 1","399","6","2394"
"0807","9/5/2018","Sep","11","Company K","Michael Fox","New Mexico","Item 4","159","5","795"
"0808","9/6/2018","Sep","13","Company M","Anne Lee","New Mexico","Item 3","69","5","345"
"0809","9/6/2018","Sep","19","Company S","Oscar Knox","Arizona","Item 2","199","9","1791"
"0810","9/6/2018","Sep","15","Company O","Michael Fox","New Mexico","Item 3","69","5","345"
"0811","9/6/2018","Sep","14","Company N","Michael Fox","New Mexico","Item 3","69","9","621"
"0812","9/7/2018","Sep","16","Company P","Andrew James","Arizona","Item 1","399","1","399"
"0813","9/8/2018","Sep","16","Company P","Andrew James","Arizona","Item 4","159","8","1272"
"0814","9/8/2018","Sep","16","Company P","Oscar Knox","Arizona","Item 4","159","4","636"
"0815","9/8/2018","Sep","3","Company C","Anna Weber","Texas","Item 4","159","8","1272"
"0816","9/8/2018","Sep","15","Company O","Anne Lee","New Mexico","Item 1","399","4","1596"
"0817","9/8/2018","Sep","20","Company T","Oscar Knox","Arizona","Item 3","69","5","345"
"0818","9/9/2018","Sep","13","Company M","Michael Fox","New Mexico","Item 1","399","3","1197"
"0819","9/9/2018","Sep","6","Company F","Kim Fishman","California","Item 5","289","0","0"
"0820","9/10/2018","Sep","11","Company K","Anne Lee","New Mexico","Item 4","159","4","636"
"0821","9/10/2018","Sep","12","Company L","Michael Fox","New Mexico","Item 4","159","4","636"
"0822","9/10/2018","Sep","19","Company S","Oscar Knox","Arizona","Item 1","399","4","1596"
"0823","9/10/2018","Sep","11","Company K","Anne Lee","New Mexico","Item 3","69","8","552"
"0824","9/10/2018","Sep","8","Company H","Kim Fishman","California","Item 5","289","0","0"
"0825","9/11/2018","Sep","20","Company T","Andrew James","Arizona","Item 1","399","9","3591"
"0826","9/11/2018","Sep","15","Company O","Anne Lee","New Mexico","Item 5","289","1","289"
"0827","9/11/2018","Sep","1","Company A","Anna Weber","Texas","Item 4","159","3","477"
"0828","9/12/2018","Sep","5","Company E","Anna Weber","Texas","Item 2","199","3","597"
"0829","9/12/2018","Sep","14","Company N","Michael Fox","New Mexico","Item 3","69","4","276"
"0830","9/13/2018","Sep","1","Company A","Anna Weber","Texas","Item 1","399","6","2394"
"0831","9/14/2018","Sep","1","Company A","Anna Weber","Texas","Item 2","199","1","199"
"0832","9/14/2018","Sep","3","Company C","Ben Wallace","Texas","Item 5","289","1","289"
"0833","9/15/2018","Sep","16","Company P","Andrew James","Arizona","Item 1","399","9","3591"
"0834","9/15/2018","Sep","6","Company F","Laura Larsen","California","Item 3","69","6","414"
"0835","9/15/2018","Sep","19","Company S","Andrew James","Arizona","Item 1","399","2","798"
"0836","9/16/2018","Sep","5","Company E","Anna Weber","Texas","Item 3","69","6","414"
"0837","9/17/2018","Sep","3","Company C","Ben Wallace","Texas","Item 2","199","6","1194"
"0838","9/18/2018","Sep","7","Company G","Laura Larsen","California","Item 1","399","3","1197"
"0839","9/19/2018","Sep","20","Company T","Andrew James","Arizona","Item 5","289","4","1156"
"0840","9/20/2018","Sep","6","Company F","Laura Larsen","California","Item 4","159","8","1272"
"0841","9/20/2018","Sep","7","Company G","Kim Fishman","California","Item 5","289","2","578"
"0842","9/20/2018","Sep","12","Company L","Anne Lee","New Mexico","Item 2","199","4","796"
"0843","9/20/2018","Sep","4","Company D","Anna Weber","Texas","Item 2","199","7","1393"
"0844","9/21/2018","Sep","11","Company K","Michael Fox","New Mexico","Item 5","289","6","1734"
"0845","9/21/2018","Sep","8","Company H","Laura Larsen","California","Item 4","159","7","1113"
"0846","9/22/2018","Sep","8","Company H","Laura Larsen","California","Item 2","199","8","1592"
"0847","9/22/2018","Sep","5","Company E","Anna Weber","Texas","Item 4","159","0","0"
"0848","9/22/2018","Sep","15","Company O","Michael Fox","New Mexico","Item 5","289","3","867"
"0849","9/22/2018","Sep","4","Company D","Anna Weber","Texas","Item 2","199","8","1592"
"0850","9/22/2018","Sep","10","Company J","Laura Larsen","California","Item 5","289","0","0"
"0851","9/22/2018","Sep","17","Company Q","Oscar Knox","Arizona","Item 5","289","0","0"
"0852","9/22/2018","Sep","6","Company F","Laura Larsen","California","Item 1","399","9","3591"
"0853","9/22/2018","Sep","14","Company N","Anne Lee","New Mexico","Item 1","399","4","1596"
"0854","9/22/2018","Sep","7","Company G","Kim Fishman","California","Item 2","199","5","995"
"0855","9/22/2018","Sep","9","Company I","Kim Fishman","California","Item 5","289","7","2023"
"0856","9/22/2018","Sep","19","Company S","Andrew James","Arizona","Item 4","159","3","477"
"0857","9/23/2018","Sep","19","Company S","Oscar Knox","Arizona","Item 5","289","8","2312"
"0858","9/24/2018","Sep","17","Company Q","Oscar Knox","Arizona","Item 3","69","5","345"
"0859","9/24/2018","Sep","19","Company S","Andrew James","Arizona","Item 5","289","4","1156"
"0860","9/24/2018","Sep","6","Company F","Laura Larsen","California","Item 2","199","8","1592"
"0861","9/24/2018","Sep","14","Company N","Michael Fox","New Mexico","Item 1","399","2","798"
"0862","9/25/2018","Sep","17","Company Q","Oscar Knox","Arizona","Item 3","69","8","552"
"0863","9/25/2018","Sep","16","Company P","Oscar Knox","Arizona","Item 2","199","0","0"
"0864","9/25/2018","Sep","3","Company C","Ben Wallace","Texas","Item 5","289","4","1156"
"0865","9/26/2018","Sep","16","Company P","Oscar Knox","Arizona","Item 3","69","6","414"
"0866","9/26/2018","Sep","19","Company S","Andrew James","Arizona","Item 3","69","2","138"
"0867","9/27/2018","Sep","7","Company G","Laura Larsen","California","Item 2","199","6","1194"
"0868","9/27/2018","Sep","9","Company I","Laura Larsen","California","Item 3","69","7","483"
"0869","9/28/2018","Sep","14","Company N","Anne Lee","New Mexico","Item 1","399","3","1197"
"0870","9/28/2018","Sep","3","Company C","Ben Wallace","Texas","Item 4","159","5","795"
"0871","9/28/2018","Sep","9","Company I","Laura Larsen","California","Item 3","69","6","414"
"0872","9/28/2018","Sep","1","Company A","Anna Weber","Texas","Item 4","159","5","795"
"0873","9/29/2018","Sep","20","Company T","Oscar Knox","Arizona","Item 2","199","3","597"
"0874","9/29/2018","Sep","3","Company C","Ben Wallace","Texas","Item 5","289","8","2312"
"0875","9/29/2018","Sep","4","Company D","Ben Wallace","Texas","Item 3","69","6","414"
"0876","9/29/2018","Sep","7","Company G","Laura Larsen","California","Item 5","289","0","0"
"0877","9/30/2018","Sep","11","Company K","Michael Fox","New Mexico","Item 5","289","1","289"
"0878","9/30/2018","Sep","15","Company O","Anne Lee","New Mexico","Item 4","159","0","0"
"0879","9/30/2018","Sep","20","Company T","Andrew James","Arizona","Item 2","199","1","199"
"0880","9/30/2018","Sep","6","Company F","Kim Fishman","California","Item 2","199","7","1393"
"0881","10/1/2018","Oct","9","Company I","Kim Fishman","California","Item 1","399","7","2793"
"0882","10/1/2018","Oct","7","Company G","Laura Larsen","California","Item 4","159","2","318"
"0883","10/2/2018","Oct","3","Company C","Ben Wallace","Texas","Item 2","199","5","995"
"0884","10/2/2018","Oct","14","Company N","Anne Lee","New Mexico","Item 5","289","9","2601"
"0885","10/2/2018","Oct","15","Company O","Anne Lee","New Mexico","Item 4","159","8","1272"
"0886","10/3/2018","Oct","20","Company T","Oscar Knox","Arizona","Item 4","159","1","159"
"0887","10/4/2018","Oct","20","Company T","Andrew James","Arizona","Item 5","289","1","289"
"0888","10/4/2018","Oct","15","Company O","Michael Fox","New Mexico","Item 2","199","3","597"
"0889","10/5/2018","Oct","20","Company T","Oscar Knox","Arizona","Item 2","199","3","597"
"0890","10/5/2018","Oct","9","Company I","Laura Larsen","California","Item 5","289","9","2601"
"0891","10/5/2018","Oct","4","Company D","Anna Weber","Texas","Item 2","199","9","1791"
"0892","10/5/2018","Oct","16","Company P","Andrew James","Arizona","Item 4","159","7","1113"
"0893","10/5/2018","Oct","5","Company E","Ben Wallace","Texas","Item 3","69","3","207"
"0894","10/6/2018","Oct","11","Company K","Anne Lee","New Mexico","Item 4","159","6","954"
"0895","10/6/2018","Oct","9","Company I","Kim Fishman","California","Item 2","199","2","398"
"0896","10/6/2018","Oct","6","Company F","Laura Larsen","California","Item 2","199","8","1592"
"0897","10/6/2018","Oct","4","Company D","Anna Weber","Texas","Item 1","399","0","0"
"0898","10/6/2018","Oct","17","Company Q","Andrew James","Arizona","Item 2","199","2","398"
"0899","10/7/2018","Oct","1","Company A","Ben Wallace","Texas","Item 2","199","4","796"
"0900","10/7/2018","Oct","4","Company D","Anna Weber","Texas","Item 4","159","5","795"
"0901","10/8/2018","Oct","15","Company O","Michael Fox","New Mexico","Item 1","399","7","2793"
"0902","10/9/2018","Oct","13","Company M","Michael Fox","New Mexico","Item 1","399","4","1596"
"0903","10/10/2018","Oct","6","Company F","Kim Fishman","California","Item 5","289","3","867"
"0904","10/10/2018","Oct","5","Company E","Anna Weber","Texas","Item 5","289","1","289"
"0905","10/11/2018","Oct","13","Company M","Michael Fox","New Mexico","Item 5","289","7","2023"
"0906","10/11/2018","Oct","19","Company S","Oscar Knox","Arizona","Item 2","199","5","995"
"0907","10/12/2018","Oct","10","Company J","Kim Fishman","California","Item 2","199","1","199"
"0908","10/12/2018","Oct","20","Company T","Oscar Knox","Arizona","Item 5","289","3","867"
"0909","10/13/2018","Oct","7","Company G","Laura Larsen","California","Item 4","159","8","1272"
"0910","10/13/2018","Oct","19","Company S","Oscar Knox","Arizona","Item 2","199","3","597"
"0911","10/13/2018","Oct","18","Company R","Oscar Knox","Arizona","Item 3","69","9","621"
"0912","10/13/2018","Oct","13","Company M","Michael Fox","New Mexico","Item 5","289","8","2312"
"0913","10/13/2018","Oct","9","Company I","Laura Larsen","California","Item 2","199","5","995"
"0914","10/13/2018","Oct","14","Company N","Michael Fox","New Mexico","Item 4","159","7","1113"
"0915","10/14/2018","Oct","3","Company C","Anna Weber","Texas","Item 3","69","2","138"
"0916","10/14/2018","Oct","10","Company J","Laura Larsen","California","Item 5","289","5","1445"
"0917","10/15/2018","Oct","18","Company R","Andrew James","Arizona","Item 3","69","2","138"
"0918","10/15/2018","Oct","18","Company R","Andrew James","Arizona","Item 4","159","5","795"
"0919","10/15/2018","Oct","14","Company N","Anne Lee","New Mexico","Item 1","399","9","3591"
"0920","10/15/2018","Oct","2","Company B","Ben Wallace","Texas","Item 2","199","3","597"
"0921","10/16/2018","Oct","17","Company Q","Oscar Knox","Arizona","Item 1","399","6","2394"
"0922","10/16/2018","Oct","1","Company A","Anna Weber","Texas","Item 5","289","7","2023"
"0923","10/16/2018","Oct","15","Company O","Anne Lee","New Mexico","Item 4","159","3","477"
"0924","10/16/2018","Oct","11","Company K","Michael Fox","New Mexico","Item 5","289","9","2601"
"0925","10/16/2018","Oct","12","Company L","Michael Fox","New Mexico","Item 2","199","7","1393"
"0926","10/17/2018","Oct","1","Company A","Ben Wallace","Texas","Item 2","199","0","0"
"0927","10/17/2018","Oct","8","Company H","Laura Larsen","California","Item 2","199","8","1592"
"0928","10/17/2018","Oct","20","Company T","Andrew James","Arizona","Item 4","159","8","1272"
"0929","10/17/2018","Oct","14","Company N","Anne Lee","New Mexico","Item 4","159","5","795"
"0930","10/17/2018","Oct","10","Company J","Laura Larsen","California","Item 2","199","3","597"
"0931","10/18/2018","Oct","17","Company Q","Andrew James","Arizona","Item 1","399","0","0"
"0932","10/19/2018","Oct","5","Company E","Ben Wallace","Texas","Item 2","199","6","1194"
"0933","10/19/2018","Oct","10","Company J","Laura Larsen","California","Item 4","159","6","954"
"0934","10/20/2018","Oct","17","Company Q","Andrew James","Arizona","Item 4","159","1","159"
"0935","10/20/2018","Oct","18","Company R","Oscar Knox","Arizona","Item 5","289","5","1445"
"0936","10/20/2018","Oct","2","Company B","Anna Weber","Texas","Item 3","69","8","552"
"0937","10/21/2018","Oct","17","Company Q","Oscar Knox","Arizona","Item 3","69","5","345"
"0938","10/22/2018","Oct","10","Company J","Kim Fishman","California","Item 1","399","0","0"
"0939","10/22/2018","Oct","1","Company A","Ben Wallace","Texas","Item 5","289","7","2023"
"0940","10/22/2018","Oct","5","Company E","Anna Weber","Texas","Item 2","199","5","995"
"0941","10/22/2018","Oct","20","Company T","Oscar Knox","Arizona","Item 4","159","5","795"
"0942","10/22/2018","Oct","1","Company A","Anna Weber","Texas","Item 1","399","8","3192"
"0943","10/22/2018","Oct","6","Company F","Kim Fishman","California","Item 4","159","6","954"
"0944","10/23/2018","Oct","4","Company D","Ben Wallace","Texas","Item 1","399","1","399"
"0945","10/24/2018","Oct","17","Company Q","Andrew James","Arizona","Item 2","199","5","995"
"0946","10/25/2018","Oct","1","Company A","Anna Weber","Texas","Item 2","199","1","199"
"0947","10/25/2018","Oct","15","Company O","Michael Fox","New Mexico","Item 3","69","4","276"
"0948","10/25/2018","Oct","9","Company I","Laura Larsen","California","Item 2","199","5","995"
"0949","10/26/2018","Oct","6","Company F","Laura Larsen","California","Item 1","399","5","1995"
"0950","10/26/2018","Oct","20","Company T","Oscar Knox","Arizona","Item 3","69","8","552"
"0951","10/27/2018","Oct","17","Company Q","Andrew James","Arizona","Item 2","199","1","199"
"0952","10/27/2018","Oct","6","Company F","Laura Larsen","California","Item 1","399","7","2793"
"0953","10/27/2018","Oct","3","Company C","Ben Wallace","Texas","Item 2","199","1","199"
"0954","10/27/2018","Oct","4","Company D","Anna Weber","Texas","Item 2","199","8","1592"
"0955","10/28/2018","Oct","10","Company J","Kim Fishman","California","Item 2","199","0","0"
"0956","10/29/2018","Oct","6","Company F","Kim Fishman","California","Item 4","159","4","636"
"0957","10/29/2018","Oct","17","Company Q","Andrew James","Arizona","Item 5","289","9","2601"
"0958","10/29/2018","Oct","9","Company I","Kim Fishman","California","Item 1","399","2","798"
"0959","10/29/2018","Oct","2","Company B","Anna Weber","Texas","Item 3","69","6","414"
"0960","10/29/2018","Oct","9","Company I","Kim Fishman","California","Item 3","69","6","414"
"0961","10/29/2018","Oct","18","Company R","Andrew James","Arizona","Item 3","69","3","207"
"0962","10/29/2018","Oct","9","Company I","Kim Fishman","California","Item 3","69","2","138"
"0963","10/29/2018","Oct","14","Company N","Michael Fox","New Mexico","Item 4","159","1","159"
"0964","10/29/2018","Oct","7","Company G","Kim Fishman","California","Item 1","399","2","798"
"0965","10/29/2018","Oct","2","Company B","Ben Wallace","Texas","Item 2","199","7","1393"
"0966","10/29/2018","Oct","18","Company R","Andrew James","Arizona","Item 4","159","7","1113"
"0967","10/30/2018","Oct","14","Company N","Anne Lee","New Mexico","Item 1","399","1","399"
"0968","10/30/2018","Oct","19","Company S","Oscar Knox","Arizona","Item 3","69","3","207"
"0969","10/30/2018","Oct","7","Company G","Laura Larsen","California","Item 4","159","1","159"
"0970","10/31/2018","Oct","7","Company G","Laura Larsen","California","Item 1","399","0","0"
"0971","11/1/2018","Nov","14","Company N","Anne Lee","New Mexico","Item 2","199","0","0"
"0972","11/2/2018","Nov","19","Company S","Oscar Knox","Arizona","Item 4","159","4","636"
"0973","11/3/2018","Nov","13","Company M","Michael Fox","New Mexico","Item 1","399","0","0"
"0974","11/4/2018","Nov","1","Company A","Anna Weber","Texas","Item 3","69","7","483"
"0975","11/4/2018","Nov","13","Company M","Anne Lee","New Mexico","Item 4","159","2","318"
"0976","11/4/2018","Nov","2","Company B","Ben Wallace","Texas","Item 3","69","1","69"
"0977","11/5/2018","Nov","5","Company E","Ben Wallace","Texas","Item 2","199","9","1791"
"0978","11/6/2018","Nov","20","Company T","Oscar Knox","Arizona","Item 4","159","0","0"
"0979","11/7/2018","Nov","16","Company P","Oscar Knox","Arizona","Item 3","69","9","621"
"0980","11/7/2018","Nov","9","Company I","Laura Larsen","California","Item 5","289","9","2601"
"0981","11/7/2018","Nov","2","Company B","Anna Weber","Texas","Item 1","399","4","1596"
"0982","11/8/2018","Nov","8","Company H","Laura Larsen","California","Item 2","199","1","199"
"0983","11/8/2018","Nov","18","Company R","Andrew James","Arizona","Item 1","399","9","3591"
"0984","11/8/2018","Nov","12","Company L","Michael Fox","New Mexico","Item 3","69","0","0"
"0985","11/8/2018","Nov","10","Company J","Kim Fishman","California","Item 4","159","9","1431"
"0986","11/8/2018","Nov","9","Company I","Laura Larsen","California","Item 4","159","7","1113"
"0987","11/9/2018","Nov","8","Company H","Kim Fishman","California","Item 2","199","7","1393"
"0988","11/9/2018","Nov","17","Company Q","Oscar Knox","Arizona","Item 2","199","2","398"
"0989","11/9/2018","Nov","4","Company D","Anna Weber","Texas","Item 4","159","9","1431"
"0990","11/9/2018","Nov","16","Company P","Andrew James","Arizona","Item 5","289","4","1156"
"0991","11/9/2018","Nov","18","Company R","Oscar Knox","Arizona","Item 1","399","9","3591"
"0992","11/10/2018","Nov","19","Company S","Andrew James","Arizona","Item 2","199","8","1592"
"0993","11/10/2018","Nov","10","Company J","Laura Larsen","California","Item 1","399","6","2394"
"0994","11/10/2018","Nov","5","Company E","Anna Weber","Texas","Item 4","159","4","636"
"0995","11/11/2018","Nov","10","Company J","Kim Fishman","California","Item 3","69","1","69"
"0996","11/11/2018","Nov","7","Company G","Kim Fishman","California","Item 2","199","0","0"
"0997","11/11/2018","Nov","13","Company M","Anne Lee","New Mexico","Item 2","199","9","1791"
"0998","11/12/2018","Nov","14","Company N","Anne Lee","New Mexico","Item 2","199","5","995"
"0999","11/13/2018","Nov","2","Company B","Anna Weber","Texas","Item 2","199","3","597"
"1000","11/14/2018","Nov","1","Company A","Ben Wallace","Texas","Item 2","199","7","1393"
"1001","11/15/2018","Nov","15","Company O","Michael Fox","New Mexico","Item 5","289","7","2023"
"1002","11/15/2018","Nov","2","Company B","Ben Wallace","Texas","Item 2","199","2","398"
"1003","11/15/2018","Nov","10","Company J","Laura Larsen","California","Item 4","159","4","636"
"1004","11/15/2018","Nov","17","Company Q","Oscar Knox","Arizona","Item 2","199","9","1791"
"1005","11/15/2018","Nov","10","Company J","Kim Fishman","California","Item 2","199","1","199"
"1006","11/15/2018","Nov","19","Company S","Oscar Knox","Arizona","Item 4","159","2","318"
"1007","11/15/2018","Nov","6","Company F","Kim Fishman","California","Item 2","199","7","1393"
"1008","11/16/2018","Nov","15","Company O","Michael Fox","New Mexico","Item 5","289","1","289"
"1009","11/16/2018","Nov","8","Company H","Kim Fishman","California","Item 1","399","0","0"
"1010","11/17/2018","Nov","1","Company A","Anna Weber","Texas","Item 2","199","2","398"
"1011","11/17/2018","Nov","7","Company G","Laura Larsen","California","Item 5","289","0","0"
"1012","11/17/2018","Nov","3","Company C","Ben Wallace","Texas","Item 5","289","4","1156"
"1013","11/17/2018","Nov","9","Company I","Laura Larsen","California","Item 3","69","8","552"
"1014","11/18/2018","Nov","2","Company B","Ben Wallace","Texas","Item 2","199","6","1194"
"1015","11/19/2018","Nov","5","Company E","Anna Weber","Texas","Item 1","399","2","798"
"1016","11/19/2018","Nov","6","Company F","Kim Fishman","California","Item 5","289","5","1445"
"1017","11/19/2018","Nov","12","Company L","Michael Fox","New Mexico","Item 2","199","4","796"
"1018","11/19/2018","Nov","5","Company E","Ben Wallace","Texas","Item 1","399","1","399"
"1019","11/20/2018","Nov","5","Company E","Ben Wallace","Texas","Item 1","399","8","3192"
"1020","11/21/2018","Nov","20","Company T","Andrew James","Arizona","Item 3","69","9","621"
"1021","11/21/2018","Nov","16","Company P","Oscar Knox","Arizona","Item 1","399","3","1197"
"1022","11/22/2018","Nov","1","Company A","Ben Wallace","Texas","Item 4","159","6","954"
"1023","11/22/2018","Nov","5","Company E","Ben Wallace","Texas","Item 1","399","6","2394"
"1024","11/22/2018","Nov","15","Company O","Anne Lee","New Mexico","Item 3","69","7","483"
"1025","11/22/2018","Nov","2","Company B","Ben Wallace","Texas","Item 2","199","9","1791"
"1026","11/22/2018","Nov","8","Company H","Kim Fishman","California","Item 4","159","6","954"
"1027","11/22/2018","Nov","3","Company C","Ben Wallace","Texas","Item 3","69","5","345"
"1028","11/22/2018","Nov","20","Company T","Oscar Knox","Arizona","Item 4","159","0","0"
"1029","11/22/2018","Nov","8","Company H","Kim Fishman","California","Item 1","399","9","3591"
"1030","11/22/2018","Nov","7","Company G","Kim Fishman","California","Item 1","399","5","1995"
"1031","11/22/2018","Nov","10","Company J","Laura Larsen","California","Item 1","399","0","0"
"1032","11/22/2018","Nov","13","Company M","Michael Fox","New Mexico","Item 2","199","7","1393"
"1033","11/23/2018","Nov","15","Company O","Michael Fox","New Mexico","Item 3","69","7","483"
"1034","11/23/2018","Nov","3","Company C","Anna Weber","Texas","Item 1","399","2","798"
"1035","11/23/2018","Nov","4","Company D","Anna Weber","Texas","Item 1","399","6","2394"
"1036","11/23/2018","Nov","13","Company M","Michael Fox","New Mexico","Item 1","399","9","3591"
"1037","11/23/2018","Nov","12","Company L","Michael Fox","New Mexico","Item 5","289","6","1734"
"1038","11/23/2018","Nov","17","Company Q","Andrew James","Arizona","Item 2","199","3","597"
"1039","11/24/2018","Nov","13","Company M","Anne Lee","New Mexico","Item 5","289","1","289"
"1040","11/24/2018","Nov","7","Company G","Laura Larsen","California","Item 2","199","5","995"
"1041","11/24/2018","Nov","18","Company R","Andrew James","Arizona","Item 4","159","2","318"
"1042","11/24/2018","Nov","14","Company N","Anne Lee","New Mexico","Item 5","289","2","578"
"1043","11/24/2018","Nov","3","Company C","Ben Wallace","Texas","Item 3","69","4","276"
"1044","11/24/2018","Nov","9","Company I","Laura Larsen","California","Item 1","399","1","399"
"1045","11/24/2018","Nov","11","Company K","Anne Lee","New Mexico","Item 1","399","3","1197"
"1046","11/25/2018","Nov","4","Company D","Ben Wallace","Texas","Item 1","399","5","1995"
"1047","11/26/2018","Nov","6","Company F","Laura Larsen","California","Item 5","289","1","289"
"1048","11/26/2018","Nov","13","Company M","Anne Lee","New Mexico","Item 5","289","7","2023"
"1049","11/27/2018","Nov","2","Company B","Anna Weber","Texas","Item 1","399","8","3192"
"1050","11/27/2018","Nov","4","Company D","Ben Wallace","Texas","Item 1","399","6","2394"
"1051","11/27/2018","Nov","1","Company A","Ben Wallace","Texas","Item 3","69","9","621"
"1052","11/28/2018","Nov","10","Company J","Kim Fishman","California","Item 3","69","7","483"
"1053","11/28/2018","Nov","15","Company O","Anne Lee","New Mexico","Item 3","69","1","69"
"1054","11/28/2018","Nov","6","Company F","Laura Larsen","California","Item 4","159","2","318"
"1055","11/28/2018","Nov","11","Company K","Michael Fox","New Mexico","Item 5","289","8","2312"
"1056","11/28/2018","Nov","4","Company D","Anna Weber","Texas","Item 5","289","7","2023"
"1057","11/29/2018","Nov","8","Company H","Laura Larsen","California","Item 2","199","3","597"
"1058","11/29/2018","Nov","9","Company I","Laura Larsen","California","Item 1","399","6","2394"
"1059","11/29/2018","Nov","12","Company L","Anne Lee","New Mexico","Item 5","289","9","2601"
"1060","11/30/2018","Nov","2","Company B","Anna Weber","Texas","Item 4","159","1","159"
"1061","12/1/2018","Dec","8","Company H","Laura Larsen","California","Item 1","399","5","1995"
"1062","12/1/2018","Dec","17","Company Q","Andrew James","Arizona","Item 5","289","0","0"
"1063","12/2/2018","Dec","7","Company G","Laura Larsen","California","Item 1","399","3","1197"
"1064","12/3/2018","Dec","1","Company A","Ben Wallace","Texas","Item 5","289","4","1156"
"1065","12/3/2018","Dec","19","Company S","Oscar Knox","Arizona","Item 5","289","2","578"
"1066","12/4/2018","Dec","2","Company B","Anna Weber","Texas","Item 3","69","7","483"
"1067","12/4/2018","Dec","16","Company P","Andrew James","Arizona","Item 1","399","0","0"
"1068","12/5/2018","Dec","5","Company E","Ben Wallace","Texas","Item 1","399","4","1596"
"1069","12/6/2018","Dec","4","Company D","Anna Weber","Texas","Item 2","199","2","398"
"1070","12/6/2018","Dec","14","Company N","Michael Fox","New Mexico","Item 2","199","3","597"
"1071","12/6/2018","Dec","4","Company D","Anna Weber","Texas","Item 2","199","5","995"
"1072","12/7/2018","Dec","4","Company D","Anna Weber","Texas","Item 3","69","7","483"
"1073","12/7/2018","Dec","9","Company I","Kim Fishman","California","Item 5","289","7","2023"
"1074","12/8/2018","Dec","10","Company J","Kim Fishman","California","Item 3","69","7","483"
"1075","12/8/2018","Dec","4","Company D","Anna Weber","Texas","Item 3","69","5","345"
"1076","12/9/2018","Dec","20","Company T","Oscar Knox","Arizona","Item 5","289","8","2312"
"1077","12/10/2018","Dec","11","Company K","Michael Fox","New Mexico","Item 5","289","9","2601"
"1078","12/11/2018","Dec","13","Company M","Michael Fox","New Mexico","Item 5","289","8","2312"
"1079","12/11/2018","Dec","10","Company J","Kim Fishman","California","Item 3","69","6","414"
"1080","12/11/2018","Dec","19","Company S","Oscar Knox","Arizona","Item 5","289","9","2601"
"1081","12/12/2018","Dec","14","Company N","Michael Fox","New Mexico","Item 5","289","5","1445"
"1082","12/13/2018","Dec","16","Company P","Oscar Knox","Arizona","Item 4","159","0","0"
"1083","12/13/2018","Dec","13","Company M","Michael Fox","New Mexico","Item 5","289","5","1445"
"1084","12/13/2018","Dec","2","Company B","Anna Weber","Texas","Item 2","199","4","796"
"1085","12/13/2018","Dec","5","Company E","Ben Wallace","Texas","Item 2","199","9","1791"
"1086","12/13/2018","Dec","11","Company K","Anne Lee","New Mexico","Item 3","69","1","69"
"1087","12/13/2018","Dec","3","Company C","Anna Weber","Texas","Item 3","69","5","345"
"1088","12/13/2018","Dec","11","Company K","Anne Lee","New Mexico","Item 4","159","3","477"
"1089","12/13/2018","Dec","1","Company A","Anna Weber","Texas","Item 1","399","1","399"
"1090","12/14/2018","Dec","18","Company R","Oscar Knox","Arizona","Item 5","289","9","2601"
"1091","12/15/2018","Dec","15","Company O","Anne Lee","New Mexico","Item 5","289","9","2601"
"1092","12/15/2018","Dec","8","Company H","Kim Fishman","California","Item 5","289","2","578"
"1093","12/16/2018","Dec","18","Company R","Oscar Knox","Arizona","Item 4","159","4","636"
"1094","12/16/2018","Dec","5","Company E","Ben Wallace","Texas","Item 3","69","1","69"
"1095","12/16/2018","Dec","20","Company T","Andrew James","Arizona","Item 5","289","3","867"
"1096","12/17/2018","Dec","12","Company L","Michael Fox","New Mexico","Item 1","399","5","1995"
"1097","12/17/2018","Dec","1","Company A","Anna Weber","Texas","Item 3","69","6","414"
"1098","12/18/2018","Dec","10","Company J","Kim Fishman","California","Item 2","199","3","597"
"1099","12/18/2018","Dec","3","Company C","Anna Weber","Texas","Item 3","69","2","138"
"1100","12/18/2018","Dec","8","Company H","Laura Larsen","California","Item 4","159","3","477"
"1101","12/18/2018","Dec","8","Company H","Kim Fishman","California","Item 3","69","9","621"
"1102","12/18/2018","Dec","12","Company L","Michael Fox","New Mexico","Item 1","399","3","1197"
"1103","12/18/2018","Dec","5","Company E","Ben Wallace","Texas","Item 1","399","0","0"
"1104","12/18/2018","Dec","12","Company L","Anne Lee","New Mexico","Item 2","199","2","398"
"1105","12/18/2018","Dec","12","Company L","Michael Fox","New Mexico","Item 4","159","7","1113"
"1106","12/18/2018","Dec","20","Company T","Oscar Knox","Arizona","Item 5","289","4","1156"
"1107","12/18/2018","Dec","7","Company G","Laura Larsen","California","Item 2","199","9","1791"
"1108","12/18/2018","Dec","14","Company N","Michael Fox","New Mexico","Item 1","399","5","1995"
"1109","12/19/2018","Dec","11","Company K","Michael Fox","New Mexico","Item 4","159","2","318"
"1110","12/19/2018","Dec","10","Company J","Laura Larsen","California","Item 4","159","9","1431"
"1111","12/20/2018","Dec","4","Company D","Anna Weber","Texas","Item 1","399","8","3192"
"1112","12/20/2018","Dec","10","Company J","Kim Fishman","California","Item 3","69","6","414"
"1113","12/20/2018","Dec","19","Company S","Oscar Knox","Arizona","Item 3","69","7","483"
"1114","12/20/2018","Dec","13","Company M","Michael Fox","New Mexico","Item 3","69","8","552"
"1115","12/20/2018","Dec","20","Company T","Andrew James","Arizona","Item 2","199","1","199"
"1116","12/20/2018","Dec","14","Company N","Michael Fox","New Mexico","Item 4","159","9","1431"
"1117","12/20/2018","Dec","9","Company I","Kim Fishman","California","Item 5","289","5","1445"
"1118","12/20/2018","Dec","18","Company R","Oscar Knox","Arizona","Item 1","399","7","2793"
"1119","12/20/2018","Dec","10","Company J","Kim Fishman","California","Item 2","199","6","1194"
"1120","12/21/2018","Dec","1","Company A","Ben Wallace","Texas","Item 4","159","8","1272"
"1121","12/22/2018","Dec","14","Company N","Anne Lee","New Mexico","Item 1","399","7","2793"
"1122","12/23/2018","Dec","6","Company F","Laura Larsen","California","Item 4","159","2","318"
"1123","12/23/2018","Dec","9","Company I","Kim Fishman","California","Item 4","159","9","1431"
"1124","12/23/2018","Dec","14","Company N","Michael Fox","New Mexico","Item 4","159","2","318"
"1125","12/23/2018","Dec","19","Company S","Oscar Knox","Arizona","Item 3","69","5","345"
"1126","12/23/2018","Dec","11","Company K","Michael Fox","New Mexico","Item 5","289","9","2601"
"1127","12/23/2018","Dec","17","Company Q","Andrew James","Arizona","Item 2","199","9","1791"
"1128","12/24/2018","Dec","9","Company I","Laura Larsen","California","Item 1","399","2","798"
"1129","12/24/2018","Dec","13","Company M","Michael Fox","New Mexico","Item 4","159","2","318"
"1130","12/25/2018","Dec","18","Company R","Andrew James","Arizona","Item 2","199","8","1592"
"1131","12/25/2018","Dec","4","Company D","Ben Wallace","Texas","Item 3","69","7","483"
"1132","12/25/2018","Dec","17","Company Q","Oscar Knox","Arizona","Item 2","199","3","597"
"1133","12/25/2018","Dec","8","Company H","Laura Larsen","California","Item 3","69","2","138"
"1134","12/25/2018","Dec","12","Company L","Anne Lee","New Mexico","Item 4","159","5","795"
"1135","12/25/2018","Dec","5","Company E","Anna Weber","Texas","Item 5","289","4","1156"
"1136","12/25/2018","Dec","16","Company P","Oscar Knox","Arizona","Item 4","159","4","636"
"1137","12/25/2018","Dec","3","Company C","Ben Wallace","Texas","Item 5","289","6","1734"
"1138","12/25/2018","Dec","14","Company N","Michael Fox","New Mexico","Item 4","159","0","0"
"1139","12/26/2018","Dec","11","Company K","Michael Fox","New Mexico","Item 5","289","2","578"
"1140","12/27/2018","Dec","6","Company F","Laura Larsen","California","Item 4","159","1","159"
"1141","12/27/2018","Dec","15","Company O","Michael Fox","New Mexico","Item 4","159","0","0"
"1142","12/27/2018","Dec","16","Company P","Oscar Knox","Arizona","Item 1","399","8","3192"
"1143","12/28/2018","Dec","17","Company Q","Oscar Knox","Arizona","Item 3","69","6","414"
"1144","12/29/2018","Dec","11","Company K","Michael Fox","New Mexico","Item 1","399","2","798"
"1145","12/30/2018","Dec","12","Company L","Michael Fox","New Mexico","Item 1","399","8","3192"
"1146","12/31/2018","Dec","4","Company D","Anna Weber","Texas","Item 2","199","8","1592"
"1147","1/1/2019","Jan","20","Company T","Andrew James","Arizona","Item 1","399","4","1596"
"1148","1/2/2019","Jan","19","Company S","Andrew James","Arizona","Item 2","199","0","0"
"1149","1/2/2019","Jan","10","Company J","Kim Fishman","California","Item 4","159","7","1113"
"1150","1/2/2019","Jan","5","Company E","Ben Wallace","Texas","Item 4","159","0","0"
"1151","1/3/2019","Jan","1","Company A","Ben Wallace","Texas","Item 5","289","4","1156"
"1152","1/3/2019","Jan","1","Company A","Ben Wallace","Texas","Item 3","69","7","483"
"1153","1/4/2019","Jan","20","Company T","Andrew James","Arizona","Item 4","159","2","318"
"1154","1/5/2019","Jan","4","Company D","Ben Wallace","Texas","Item 3","69","1","69"
"1155","1/5/2019","Jan","12","Company L","Michael Fox","New Mexico","Item 3","69","5","345"
"1156","1/5/2019","Jan","15","Company O","Anne Lee","New Mexico","Item 5","289","0","0"
"1157","1/5/2019","Jan","17","Company Q","Oscar Knox","Arizona","Item 3","69","6","414"
"1158","1/5/2019","Jan","17","Company Q","Oscar Knox","Arizona","Item 2","199","6","1194"
"1159","1/6/2019","Jan","7","Company G","Laura Larsen","California","Item 4","159","1","159"
"1160","1/6/2019","Jan","20","Company T","Andrew James","Arizona","Item 2","199","0","0"
"1161","1/6/2019","Jan","10","Company J","Laura Larsen","California","Item 5","289","3","867"
"1162","1/6/2019","Jan","15","Company O","Anne Lee","New Mexico","Item 2","199","7","1393"
"1163","1/7/2019","Jan","17","Company Q","Andrew James","Arizona","Item 2","199","0","0"
"1164","1/7/2019","Jan","7","Company G","Kim Fishman","California","Item 3","69","6","414"
"1165","1/7/2019","Jan","6","Company F","Kim Fishman","California","Item 2","199","1","199"
"1166","1/7/2019","Jan","13","Company M","Anne Lee","New Mexico","Item 5","289","9","2601"
"1167","1/8/2019","Jan","13","Company M","Anne Lee","New Mexico","Item 3","69","9","621"
"1168","1/8/2019","Jan","3","Company C","Ben Wallace","Texas","Item 4","159","6","954"
"1169","1/8/2019","Jan","13","Company M","Anne Lee","New Mexico","Item 3","69","6","414"
"1170","1/9/2019","Jan","3","Company C","Ben Wallace","Texas","Item 4","159","0","0"
"1171","1/10/2019","Jan","14","Company N","Michael Fox","New Mexico","Item 2","199","7","1393"
"1172","1/10/2019","Jan","11","Company K","Anne Lee","New Mexico","Item 4","159","4","636"
"1173","1/10/2019","Jan","6","Company F","Laura Larsen","California","Item 2","199","2","398"
"1174","1/11/2019","Jan","11","Company K","Michael Fox","New Mexico","Item 2","199","6","1194"
"1175","1/12/2019","Jan","16","Company P","Andrew James","Arizona","Item 3","69","1","69"
"1176","1/12/2019","Jan","8","Company H","Kim Fishman","California","Item 3","69","1","69"
"1177","1/12/2019","Jan","5","Company E","Ben Wallace","Texas","Item 2","199","9","1791"
"1178","1/12/2019","Jan","19","Company S","Oscar Knox","Arizona","Item 1","399","5","1995"
"1179","1/12/2019","Jan","10","Company J","Laura Larsen","California","Item 1","399","7","2793"
"1180","1/12/2019","Jan","14","Company N","Michael Fox","New Mexico","Item 3","69","8","552"
"1181","1/12/2019","Jan","11","Company K","Anne Lee","New Mexico","Item 1","399","4","1596"
"1182","1/13/2019","Jan","15","Company O","Anne Lee","New Mexico","Item 5","289","2","578"
"1183","1/13/2019","Jan","3","Company C","Ben Wallace","Texas","Item 1","399","7","2793"
"1184","1/13/2019","Jan","15","Company O","Anne Lee","New Mexico","Item 2","199","3","597"
"1185","1/13/2019","Jan","13","Company M","Michael Fox","New Mexico","Item 4","159","0","0"
"1186","1/13/2019","Jan","3","Company C","Ben Wallace","Texas","Item 4","159","4","636"
"1187","1/13/2019","Jan","4","Company D","Ben Wallace","Texas","Item 1","399","2","798"
"1188","1/13/2019","Jan","8","Company H","Kim Fishman","California","Item 4","159","6","954"
"1189","1/13/2019","Jan","12","Company L","Michael Fox","New Mexico","Item 3","69","4","276"
"1190","1/13/2019","Jan","2","Company B","Anna Weber","Texas","Item 1","399","4","1596"
"1191","1/13/2019","Jan","18","Company R","Andrew James","Arizona","Item 1","399","1","399"
"1192","1/14/2019","Jan","10","Company J","Laura Larsen","California","Item 4","159","3","477"
"1193","1/14/2019","Jan","3","Company C","Ben Wallace","Texas","Item 3","69","0","0"
"1194","1/14/2019","Jan","12","Company L","Anne Lee","New Mexico","Item 5","289","7","2023"
"1195","1/14/2019","Jan","19","Company S","Oscar Knox","Arizona","Item 1","399","8","3192"
"1196","1/15/2019","Jan","16","Company P","Andrew James","Arizona","Item 5","289","9","2601"
"1197","1/16/2019","Jan","6","Company F","Kim Fishman","California","Item 2","199","2","398"
"1198","1/16/2019","Jan","16","Company P","Andrew James","Arizona","Item 3","69","9","621"
"1199","1/16/2019","Jan","16","Company P","Andrew James","Arizona","Item 3","69","5","345"
"1200","1/16/2019","Jan","16","Company P","Oscar Knox","Arizona","Item 3","69","2","138"
"1201","1/17/2019","Jan","16","Company P","Oscar Knox","Arizona","Item 3","69","1","69"
"1202","1/17/2019","Jan","18","Company R","Andrew James","Arizona","Item 5","289","2","578"
"1203","1/17/2019","Jan","14","Company N","Michael Fox","New Mexico","Item 1","399","2","798"
"1204","1/17/2019","Jan","5","Company E","Anna Weber","Texas","Item 3","69","3","207"
"1205","1/17/2019","Jan","7","Company G","Kim Fishman","California","Item 5","289","5","1445"
"1206","1/17/2019","Jan","17","Company Q","Oscar Knox","Arizona","Item 3","69","6","414"
"1207","1/17/2019","Jan","10","Company J","Laura Larsen","California","Item 4","159","3","477"
"1208","1/18/2019","Jan","7","Company G","Kim Fishman","California","Item 1","399","6","2394"
"1209","1/18/2019","Jan","12","Company L","Anne Lee","New Mexico","Item 1","399","3","1197"
"1210","1/18/2019","Jan","11","Company K","Anne Lee","New Mexico","Item 2","199","7","1393"
"1211","1/19/2019","Jan","9","Company I","Laura Larsen","California","Item 4","159","7","1113"
"1212","1/20/2019","Jan","14","Company N","Michael Fox","New Mexico","Item 4","159","1","159"
"1213","1/20/2019","Jan","16","Company P","Oscar Knox","Arizona","Item 3","69","2","138"
"1214","1/21/2019","Jan","8","Company H","Laura Larsen","California","Item 5","289","4","1156"
"1215","1/21/2019","Jan","4","Company D","Anna Weber","Texas","Item 3","69","6","414"
"1216","1/21/2019","Jan","10","Company J","Laura Larsen","California","Item 4","159","1","159"
"1217","1/21/2019","Jan","4","Company D","Ben Wallace","Texas","Item 4","159","4","636"
"1218","1/22/2019","Jan","12","Company L","Michael Fox","New Mexico","Item 3","69","7","483"
"1219","1/22/2019","Jan","2","Company B","Ben Wallace","Texas","Item 5","289","5","1445"
"1220","1/22/2019","Jan","7","Company G","Kim Fishman","California","Item 5","289","7","2023"
"1221","1/23/2019","Jan","10","Company J","Laura Larsen","California","Item 4","159","6","954"
"1222","1/24/2019","Jan","8","Company H","Kim Fishman","California","Item 4","159","4","636"
"1223","1/25/2019","Jan","18","Company R","Andrew James","Arizona","Item 1","399","9","3591"
"1224","1/26/2019","Jan","4","Company D","Anna Weber","Texas","Item 2","199","5","995"
"1225","1/26/2019","Jan","7","Company G","Laura Larsen","California","Item 1","399","8","3192"
"1226","1/26/2019","Jan","1","Company A","Ben Wallace","Texas","Item 1","399","4","1596"
"1227","1/26/2019","Jan","10","Company J","Kim Fishman","California","Item 1","399","4","1596"
"1228","1/27/2019","Jan","17","Company Q","Oscar Knox","Arizona","Item 5","289","2","578"
"1229","1/28/2019","Jan","12","Company L","Anne Lee","New Mexico","Item 2","199","4","796"
"1230","1/28/2019","Jan","3","Company C","Anna Weber","Texas","Item 1","399","5","1995"
"1231","1/28/2019","Jan","2","Company B","Ben Wallace","Texas","Item 3","69","3","207"
"1232","1/28/2019","Jan","4","Company D","Anna Weber","Texas","Item 4","159","7","1113"
"1233","1/28/2019","Jan","5","Company E","Anna Weber","Texas","Item 3","69","2","138"
"1234","1/29/2019","Jan","9","Company I","Laura Larsen","California","Item 4","159","3","477"
"1235","1/29/2019","Jan","9","Company I","Laura Larsen","California","Item 5","289","1","289"
"1236","1/30/2019","Jan","3","Company C","Ben Wallace","Texas","Item 4","159","9","1431"
"1237","1/31/2019","Jan","2","Company B","Ben Wallace","Texas","Item 1","399","7","2793"
"1238","2/1/2019","Feb","13","Company M","Anne Lee","New Mexico","Item 5","289","9","2601"
"1239","2/2/2019","Feb","8","Company H","Kim Fishman","California","Item 5","289","3","867"
"1240","2/3/2019","Feb","12","Company L","Michael Fox","New Mexico","Item 2","199","3","597"
"1241","2/3/2019","Feb","6","Company F","Laura Larsen","California","Item 3","69","5","345"
"1242","2/4/2019","Feb","9","Company I","Laura Larsen","California","Item 5","289","0","0"
"1243","2/5/2019","Feb","16","Company P","Andrew James","Arizona","Item 5","289","9","2601"
"1244","2/5/2019","Feb","16","Company P","Oscar Knox","Arizona","Item 5","289","9","2601"
"1245","2/5/2019","Feb","8","Company H","Kim Fishman","California","Item 2","199","0","0"
"1246","2/5/2019","Feb","3","Company C","Ben Wallace","Texas","Item 5","289","9","2601"
"1247","2/5/2019","Feb","12","Company L","Michael Fox","New Mexico","Item 4","159","2","318"
"1248","2/5/2019","Feb","11","Company K","Michael Fox","New Mexico","Item 3","69","4","276"
"1249","2/5/2019","Feb","9","Company I","Laura Larsen","California","Item 1","399","7","2793"
"1250","2/5/2019","Feb","3","Company C","Anna Weber","Texas","Item 3","69","6","414"
"1251","2/5/2019","Feb","3","Company C","Ben Wallace","Texas","Item 2","199","1","199"
"1252","2/6/2019","Feb","9","Company I","Kim Fishman","California","Item 5","289","4","1156"
"1253","2/6/2019","Feb","12","Company L","Anne Lee","New Mexico","Item 4","159","2","318"
"1254","2/7/2019","Feb","15","Company O","Michael Fox","New Mexico","Item 2","199","8","1592"
"1255","2/7/2019","Feb","14","Company N","Michael Fox","New Mexico","Item 1","399","4","1596"
"1256","2/7/2019","Feb","8","Company H","Kim Fishman","California","Item 1","399","9","3591"
"1257","2/8/2019","Feb","14","Company N","Anne Lee","New Mexico","Item 4","159","8","1272"
"1258","2/8/2019","Feb","11","Company K","Michael Fox","New Mexico","Item 3","69","6","414"
"1259","2/9/2019","Feb","7","Company G","Kim Fishman","California","Item 1","399","5","1995"
"1260","2/9/2019","Feb","8","Company H","Laura Larsen","California","Item 2","199","3","597"
"1261","2/10/2019","Feb","5","Company E","Ben Wallace","Texas","Item 2","199","5","995"
"1262","2/10/2019","Feb","13","Company M","Anne Lee","New Mexico","Item 4","159","8","1272"
"1263","2/11/2019","Feb","20","Company T","Oscar Knox","Arizona","Item 1","399","2","798"
"1264","2/12/2019","Feb","10","Company J","Kim Fishman","California","Item 1","399","5","1995"
"1265","2/13/2019","Feb","13","Company M","Michael Fox","New Mexico","Item 4","159","3","477"
"1266","2/13/2019","Feb","8","Company H","Laura Larsen","California","Item 2","199","7","1393"
"1267","2/13/2019","Feb","17","Company Q","Oscar Knox","Arizona","Item 2","199","9","1791"
"1268","2/14/2019","Feb","2","Company B","Anna Weber","Texas","Item 3","69","9","621"
"1269","2/14/2019","Feb","13","Company M","Michael Fox","New Mexico","Item 1","399","6","2394"
"1270","2/15/2019","Feb","1","Company A","Ben Wallace","Texas","Item 5","289","7","2023"
"1271","2/16/2019","Feb","16","Company P","Oscar Knox","Arizona","Item 2","199","1","199"
"1272","2/17/2019","Feb","11","Company K","Anne Lee","New Mexico","Item 5","289","4","1156"
"1273","2/18/2019","Feb","20","Company T","Andrew James","Arizona","Item 2","199","5","995"
"1274","2/18/2019","Feb","5","Company E","Ben Wallace","Texas","Item 5","289","0","0"
"1275","2/18/2019","Feb","8","Company H","Laura Larsen","California","Item 1","399","7","2793"
"1276","2/18/2019","Feb","14","Company N","Anne Lee","New Mexico","Item 1","399","9","3591"
"1277","2/19/2019","Feb","9","Company I","Kim Fishman","California","Item 1","399","5","1995"
"1278","2/19/2019","Feb","3","Company C","Ben Wallace","Texas","Item 1","399","7","2793"
"1279","2/19/2019","Feb","17","Company Q","Oscar Knox","Arizona","Item 3","69","4","276"
"1280","2/19/2019","Feb","3","Company C","Anna Weber","Texas","Item 5","289","7","2023"
"1281","2/19/2019","Feb","19","Company S","Oscar Knox","Arizona","Item 2","199","0","0"
"1282","2/19/2019","Feb","6","Company F","Kim Fishman","California","Item 3","69","8","552"
"1283","2/19/2019","Feb","7","Company G","Kim Fishman","California","Item 1","399","3","1197"
"1284","2/19/2019","Feb","8","Company H","Laura Larsen","California","Item 2","199","5","995"
"1285","2/19/2019","Feb","2","Company B","Ben Wallace","Texas","Item 3","69","8","552"
"1286","2/19/2019","Feb","3","Company C","Anna Weber","Texas","Item 5","289","7","2023"
"1287","2/19/2019","Feb","16","Company P","Oscar Knox","Arizona","Item 1","399","7","2793"
"1288","2/19/2019","Feb","7","Company G","Laura Larsen","California","Item 2","199","1","199"
"1289","2/19/2019","Feb","17","Company Q","Andrew James","Arizona","Item 2","199","4","796"
"1290","2/19/2019","Feb","14","Company N","Anne Lee","New Mexico","Item 5","289","9","2601"
"1291","2/20/2019","Feb","8","Company H","Laura Larsen","California","Item 5","289","5","1445"
"1292","2/20/2019","Feb","2","Company B","Anna Weber","Texas","Item 2","199","3","597"
"1293","2/20/2019","Feb","9","Company I","Laura Larsen","California","Item 4","159","2","318"
"1294","2/21/2019","Feb","8","Company H","Laura Larsen","California","Item 5","289","1","289"
"1295","2/21/2019","Feb","18","Company R","Oscar Knox","Arizona","Item 1","399","3","1197"
"1296","2/22/2019","Feb","20","Company T","Oscar Knox","Arizona","Item 5","289","0","0"
"1297","2/22/2019","Feb","13","Company M","Michael Fox","New Mexico","Item 5","289","7","2023"
"1298","2/22/2019","Feb","3","Company C","Ben Wallace","Texas","Item 1","399","3","1197"
"1299","2/22/2019","Feb","16","Company P","Andrew James","Arizona","Item 2","199","2","398"
"1300","2/22/2019","Feb","16","Company P","Oscar Knox","Arizona","Item 5","289","3","867"
"1301","2/22/2019","Feb","3","Company C","Ben Wallace","Texas","Item 2","199","9","1791"
"1302","2/22/2019","Feb","20","Company T","Andrew James","Arizona","Item 5","289","0","0"
"1303","2/22/2019","Feb","3","Company C","Anna Weber","Texas","Item 5","289","7","2023"
"1304","2/23/2019","Feb","8","Company H","Kim Fishman","California","Item 1","399","5","1995"
"1305","2/23/2019","Feb","6","Company F","Laura Larsen","California","Item 2","199","8","1592"
"1306","2/23/2019","Feb","7","Company G","Kim Fishman","California","Item 3","69","5","345"
"1307","2/23/2019","Feb","3","Company C","Ben Wallace","Texas","Item 1","399","8","3192"
"1308","2/24/2019","Feb","4","Company D","Anna Weber","Texas","Item 1","399","2","798"
"1309","2/24/2019","Feb","2","Company B","Ben Wallace","Texas","Item 1","399","6","2394"
"1310","2/24/2019","Feb","8","Company H","Laura Larsen","California","Item 5","289","0","0"
"1311","2/25/2019","Feb","4","Company D","Ben Wallace","Texas","Item 3","69","4","276"
"1312","2/26/2019","Feb","13","Company M","Anne Lee","New Mexico","Item 4","159","5","795"
"1313","2/26/2019","Feb","8","Company H","Kim Fishman","California","Item 4","159","8","1272"
"1314","2/26/2019","Feb","11","Company K","Michael Fox","New Mexico","Item 2","199","9","1791"
"1315","2/26/2019","Feb","12","Company L","Anne Lee","New Mexico","Item 3","69","8","552"
"1316","2/26/2019","Feb","1","Company A","Anna Weber","Texas","Item 3","69","9","621"
"1317","2/26/2019","Feb","3","Company C","Anna Weber","Texas","Item 5","289","3","867"
"1318","2/26/2019","Feb","14","Company N","Michael Fox","New Mexico","Item 1","399","2","798"
"1319","2/27/2019","Feb","11","Company K","Anne Lee","New Mexico","Item 2","199","9","1791"
"1320","2/27/2019","Feb","8","Company H","Kim Fishman","California","Item 3","69","4","276"
"1321","2/28/2019","Feb","10","Company J","Kim Fishman","California","Item 3","69","9","621"
"1322","2/28/2019","Feb","19","Company S","Oscar Knox","Arizona","Item 1","399","9","3591"
"1323","2/28/2019","Feb","12","Company L","Michael Fox","New Mexico","Item 5","289","1","289"
"1324","3/1/2019","Mar","17","Company Q","Andrew James","Arizona","Item 4","159","9","1431"
"1325","3/1/2019","Mar","8","Company H","Kim Fishman","California","Item 1","399","3","1197"
"1326","3/1/2019","Mar","8","Company H","Laura Larsen","California","Item 4","159","5","795"
"1327","3/1/2019","Mar","3","Company C","Anna Weber","Texas","Item 2","199","6","1194"
"1328","3/2/2019","Mar","1","Company A","Ben Wallace","Texas","Item 4","159","6","954"
"1329","3/2/2019","Mar","19","Company S","Andrew James","Arizona","Item 5","289","7","2023"
"1330","3/2/2019","Mar","7","Company G","Kim Fishman","California","Item 1","399","7","2793"
"1331","3/3/2019","Mar","5","Company E","Ben Wallace","Texas","Item 5","289","5","1445"
"1332","3/4/2019","Mar","2","Company B","Anna Weber","Texas","Item 5","289","0","0"
"1333","3/5/2019","Mar","16","Company P","Andrew James","Arizona","Item 2","199","5","995"
"1334","3/5/2019","Mar","12","Company L","Michael Fox","New Mexico","Item 1","399","1","399"
"1335","3/6/2019","Mar","18","Company R","Oscar Knox","Arizona","Item 3","69","2","138"
"1336","3/6/2019","Mar","8","Company H","Laura Larsen","California","Item 4","159","8","1272"
"1337","3/6/2019","Mar","19","Company S","Oscar Knox","Arizona","Item 4","159","5","795"
"1338","3/7/2019","Mar","9","Company I","Laura Larsen","California","Item 1","399","0","0"
"1339","3/7/2019","Mar","19","Company S","Oscar Knox","Arizona","Item 3","69","7","483"
"1340","3/7/2019","Mar","2","Company B","Anna Weber","Texas","Item 2","199","7","1393"
"1341","3/7/2019","Mar","12","Company L","Michael Fox","New Mexico","Item 4","159","0","0"
"1342","3/7/2019","Mar","17","Company Q","Andrew James","Arizona","Item 3","69","0","0"
"1343","3/7/2019","Mar","4","Company D","Ben Wallace","Texas","Item 2","199","1","199"
"1344","3/7/2019","Mar","6","Company F","Kim Fishman","California","Item 2","199","0","0"
"1345","3/7/2019","Mar","8","Company H","Laura Larsen","California","Item 4","159","2","318"
"1346","3/8/2019","Mar","11","Company K","Michael Fox","New Mexico","Item 3","69","7","483"
"1347","3/9/2019","Mar","14","Company N","Michael Fox","New Mexico","Item 4","159","1","159"
"1348","3/9/2019","Mar","4","Company D","Ben Wallace","Texas","Item 2","199","6","1194"
"1349","3/9/2019","Mar","19","Company S","Andrew James","Arizona","Item 2","199","4","796"
"1350","3/9/2019","Mar","8","Company H","Kim Fishman","California","Item 2","199","7","1393"
"1351","3/10/2019","Mar","8","Company H","Laura Larsen","California","Item 5","289","9","2601"
"1352","3/10/2019","Mar","15","Company O","Anne Lee","New Mexico","Item 2","199","2","398"
"1353","3/10/2019","Mar","6","Company F","Laura Larsen","California","Item 3","69","5","345"
"1354","3/10/2019","Mar","19","Company S","Oscar Knox","Arizona","Item 1","399","3","1197"
"1355","3/11/2019","Mar","16","Company P","Oscar Knox","Arizona","Item 5","289","6","1734"
"1356","3/11/2019","Mar","7","Company G","Kim Fishman","California","Item 3","69","1","69"
"1357","3/11/2019","Mar","4","Company D","Anna Weber","Texas","Item 5","289","6","1734"
"1358","3/11/2019","Mar","13","Company M","Anne Lee","New Mexico","Item 3","69","2","138"
"1359","3/11/2019","Mar","4","Company D","Anna Weber","Texas","Item 5","289","2","578"
"1360","3/11/2019","Mar","17","Company Q","Oscar Knox","Arizona","Item 1","399","6","2394"
"1361","3/11/2019","Mar","3","Company C","Anna Weber","Texas","Item 5","289","5","1445"
"1362","3/11/2019","Mar","9","Company I","Kim Fishman","California","Item 1","399","5","1995"
"1363","3/11/2019","Mar","2","Company B","Anna Weber","Texas","Item 3","69","4","276"
"1364","3/11/2019","Mar","15","Company O","Michael Fox","New Mexico","Item 4","159","9","1431"
"1365","3/11/2019","Mar","14","Company N","Michael Fox","New Mexico","Item 2","199","1","199"
"1366","3/11/2019","Mar","18","Company R","Andrew James","Arizona","Item 4","159","1","159"
"1367","3/11/2019","Mar","8","Company H","Kim Fishman","California","Item 2","199","5","995"
"1368","3/12/2019","Mar","19","Company S","Andrew James","Arizona","Item 1","399","9","3591"
"1369","3/13/2019","Mar","11","Company K","Michael Fox","New Mexico","Item 2","199","0","0"
"1370","3/13/2019","Mar","19","Company S","Oscar Knox","Arizona","Item 1","399","2","798"
"1371","3/13/2019","Mar","15","Company O","Michael Fox","New Mexico","Item 1","399","9","3591"
"1372","3/14/2019","Mar","4","Company D","Anna Weber","Texas","Item 4","159","2","318"
"1373","3/15/2019","Mar","1","Company A","Ben Wallace","Texas","Item 2","199","4","796"
"1374","3/16/2019","Mar","13","Company M","Anne Lee","New Mexico","Item 3","69","9","621"
"1375","3/17/2019","Mar","4","Company D","Ben Wallace","Texas","Item 4","159","5","795"
"1376","3/17/2019","Mar","7","Company G","Laura Larsen","California","Item 1","399","6","2394"
"1377","3/17/2019","Mar","14","Company N","Michael Fox","New Mexico","Item 4","159","6","954"
"1378","3/17/2019","Mar","14","Company N","Michael Fox","New Mexico","Item 1","399","7","2793"
"1379","3/17/2019","Mar","14","Company N","Michael Fox","New Mexico","Item 5","289","6","1734"
"1380","3/17/2019","Mar","11","Company K","Anne Lee","New Mexico","Item 4","159","4","636"
"1381","3/18/2019","Mar","11","Company K","Anne Lee","New Mexico","Item 4","159","9","1431"
"1382","3/19/2019","Mar","5","Company E","Ben Wallace","Texas","Item 3","69","1","69"
"1383","3/19/2019","Mar","14","Company N","Anne Lee","New Mexico","Item 1","399","8","3192"
"1384","3/19/2019","Mar","15","Company O","Michael Fox","New Mexico","Item 2","199","9","1791"
"1385","3/19/2019","Mar","17","Company Q","Oscar Knox","Arizona","Item 1","399","5","1995"
"1386","3/19/2019","Mar","2","Company B","Ben Wallace","Texas","Item 2","199","8","1592"
"1387","3/19/2019","Mar","18","Company R","Oscar Knox","Arizona","Item 4","159","8","1272"
"1388","3/19/2019","Mar","9","Company I","Laura Larsen","California","Item 1","399","9","3591"
"1389","3/19/2019","Mar","1","Company A","Anna Weber","Texas","Item 3","69","9","621"
"1390","3/19/2019","Mar","4","Company D","Anna Weber","Texas","Item 4","159","3","477"
"1391","3/19/2019","Mar","10","Company J","Laura Larsen","California","Item 1","399","0","0"
"1392","3/20/2019","Mar","15","Company O","Anne Lee","New Mexico","Item 4","159","5","795"
"1393","3/20/2019","Mar","18","Company R","Andrew James","Arizona","Item 3","69","3","207"
"1394","3/20/2019","Mar","1","Company A","Ben Wallace","Texas","Item 5","289","3","867"
"1395","3/21/2019","Mar","4","Company D","Anna Weber","Texas","Item 2","199","3","597"
"1396","3/22/2019","Mar","11","Company K","Michael Fox","New Mexico","Item 1","399","9","3591"
"1397","3/23/2019","Mar","2","Company B","Anna Weber","Texas","Item 4","159","5","795"
"1398","3/23/2019","Mar","17","Company Q","Oscar Knox","Arizona","Item 5","289","2","578"
"1399","3/23/2019","Mar","2","Company B","Ben Wallace","Texas","Item 2","199","8","1592"
"1400","3/23/2019","Mar","5","Company E","Ben Wallace","Texas","Item 1","399","1","399"
"1401","3/23/2019","Mar","15","Company O","Anne Lee","New Mexico","Item 5","289","6","1734"
"1402","3/23/2019","Mar","8","Company H","Laura Larsen","California","Item 3","69","8","552"
"1403","3/23/2019","Mar","9","Company I","Kim Fishman","California","Item 1","399","9","3591"
"1404","3/23/2019","Mar","5","Company E","Anna Weber","Texas","Item 5","289","6","1734"
"1405","3/23/2019","Mar","11","Company K","Anne Lee","New Mexico","Item 2","199","8","1592"
"1406","3/23/2019","Mar","15","Company O","Anne Lee","New Mexico","Item 4","159","7","1113"
"1407","3/24/2019","Mar","12","Company L","Anne Lee","New Mexico","Item 1","399","8","3192"
"1408","3/25/2019","Mar","3","Company C","Anna Weber","Texas","Item 1","399","9","3591"
"1409","3/25/2019","Mar","18","Company R","Andrew James","Arizona","Item 1","399","3","1197"
"1410","3/25/2019","Mar","12","Company L","Anne Lee","New Mexico","Item 5","289","6","1734"
"1411","3/26/2019","Mar","8","Company H","Laura Larsen","California","Item 2","199","1","199"
"1412","3/26/2019","Mar","19","Company S","Andrew James","Arizona","Item 5","289","3","867"
"1413","3/27/2019","Mar","4","Company D","Anna Weber","Texas","Item 1","399","6","2394"
"1414","3/27/2019","Mar","6","Company F","Laura Larsen","California","Item 5","289","7","2023"
"1415","3/27/2019","Mar","17","Company Q","Andrew James","Arizona","Item 4","159","7","1113"
"1416","3/27/2019","Mar","13","Company M","Anne Lee","New Mexico","Item 5","289","9","2601"
"1417","3/27/2019","Mar","18","Company R","Oscar Knox","Arizona","Item 2","199","2","398"
"1418","3/28/2019","Mar","1","Company A","Ben Wallace","Texas","Item 5","289","9","2601"
"1419","3/29/2019","Mar","18","Company R","Andrew James","Arizona","Item 4","159","0","0"
"1420","3/29/2019","Mar","18","Company R","Andrew James","Arizona","Item 2","199","0","0"
"1421","3/29/2019","Mar","2","Company B","Anna Weber","Texas","Item 2","199","0","0"
"1422","3/30/2019","Mar","2","Company B","Ben Wallace","Texas","Item 2","199","9","1791"
"1423","3/30/2019","Mar","7","Company G","Kim Fishman","California","Item 1","399","2","798"
"1424","3/31/2019","Mar","19","Company S","Andrew James","Arizona","Item 5","289","8","2312"
"1425","3/31/2019","Mar","19","Company S","Andrew James","Arizona","Item 4","159","6","954"
"1426","3/31/2019","Mar","13","Company M","Anne Lee","New Mexico","Item 1","399","0","0"
"1427","3/31/2019","Mar","10","Company J","Laura Larsen","California","Item 1","399","8","3192"
"1428","3/31/2019","Mar","5","Company E","Ben Wallace","Texas","Item 2","199","9","1791"
"1429","4/1/2019","Apr","1","Company A","Ben Wallace","Texas","Item 1","399","4","1596"
"1430","4/1/2019","Apr","10","Company J","Kim Fishman","California","Item 2","199","6","1194"
"1431","4/2/2019","Apr","8","Company H","Kim Fishman","California","Item 1","399","0","0"
"1432","4/3/2019","Apr","12","Company L","Michael Fox","New Mexico","Item 4","159","8","1272"
"1433","4/4/2019","Apr","5","Company E","Ben Wallace","Texas","Item 3","69","5","345"
"1434","4/4/2019","Apr","8","Company H","Kim Fishman","California","Item 4","159","4","636"
"1435","4/4/2019","Apr","19","Company S","Oscar Knox","Arizona","Item 5","289","2","578"
"1436","4/4/2019","Apr","20","Company T","Oscar Knox","Arizona","Item 3","69","9","621"
"1437","4/5/2019","Apr","7","Company G","Laura Larsen","California","Item 2","199","8","1592"
"1438","4/5/2019","Apr","4","Company D","Ben Wallace","Texas","Item 3","69","7","483"
"1439","4/5/2019","Apr","16","Company P","Andrew James","Arizona","Item 2","199","9","1791"
"1440","4/5/2019","Apr","18","Company R","Andrew James","Arizona","Item 2","199","2","398"
"1441","4/5/2019","Apr","13","Company M","Anne Lee","New Mexico","Item 2","199","5","995"
"1442","4/5/2019","Apr","15","Company O","Michael Fox","New Mexico","Item 3","69","1","69"
"1443","4/5/2019","Apr","15","Company O","Anne Lee","New Mexico","Item 5","289","8","2312"
"1444","4/6/2019","Apr","3","Company C","Anna Weber","Texas","Item 5","289","2","578"
"1445","4/6/2019","Apr","1","Company A","Ben Wallace","Texas","Item 2","199","3","597"
"1446","4/7/2019","Apr","12","Company L","Anne Lee","New Mexico","Item 1","399","5","1995"
"1447","4/7/2019","Apr","7","Company G","Kim Fishman","California","Item 3","69","6","414"
"1448","4/7/2019","Apr","15","Company O","Michael Fox","New Mexico","Item 4","159","7","1113"
"1449","4/7/2019","Apr","20","Company T","Andrew James","Arizona","Item 4","159","9","1431"
"1450","4/7/2019","Apr","4","Company D","Ben Wallace","Texas","Item 2","199","5","995"
"1451","4/8/2019","Apr","12","Company L","Michael Fox","New Mexico","Item 4","159","9","1431"
"1452","4/9/2019","Apr","9","Company I","Laura Larsen","California","Item 1","399","5","1995"
"1453","4/9/2019","Apr","9","Company I","Kim Fishman","California","Item 3","69","6","414"
"1454","4/9/2019","Apr","7","Company G","Laura Larsen","California","Item 5","289","3","867"
"1455","4/9/2019","Apr","5","Company E","Anna Weber","Texas","Item 4","159","7","1113"
"1456","4/9/2019","Apr","17","Company Q","Oscar Knox","Arizona","Item 2","199","7","1393"
"1457","4/9/2019","Apr","17","Company Q","Andrew James","Arizona","Item 3","69","5","345"
"1458","4/10/2019","Apr","15","Company O","Michael Fox","New Mexico","Item 3","69","0","0"
"1459","4/10/2019","Apr","17","Company Q","Andrew James","Arizona","Item 2","199","5","995"
"1460","4/11/2019","Apr","13","Company M","Michael Fox","New Mexico","Item 2","199","9","1791"
"1461","4/11/2019","Apr","16","Company P","Oscar Knox","Arizona","Item 4","159","8","1272"
"1462","4/12/2019","Apr","19","Company S","Andrew James","Arizona","Item 5","289","3","867"
"1463","4/12/2019","Apr","13","Company M","Michael Fox","New Mexico","Item 2","199","3","597"
"1464","4/12/2019","Apr","5","Company E","Ben Wallace","Texas","Item 5","289","5","1445"
"1465","4/13/2019","Apr","13","Company M","Anne Lee","New Mexico","Item 1","399","0","0"
"1466","4/14/2019","Apr","9","Company I","Kim Fishman","California","Item 1","399","7","2793"
"1467","4/15/2019","Apr","3","Company C","Ben Wallace","Texas","Item 2","199","5","995"
"1468","4/15/2019","Apr","6","Company F","Kim Fishman","California","Item 1","399","0","0"
"1469","4/16/2019","Apr","12","Company L","Anne Lee","New Mexico","Item 3","69","2","138"
"1470","4/17/2019","Apr","1","Company A","Anna Weber","Texas","Item 3","69","0","0"
"1471","4/18/2019","Apr","5","Company E","Ben Wallace","Texas","Item 1","399","8","3192"
"1472","4/18/2019","Apr","19","Company S","Andrew James","Arizona","Item 3","69","0","0"
"1473","4/18/2019","Apr","12","Company L","Michael Fox","New Mexico","Item 5","289","5","1445"
"1474","4/18/2019","Apr","15","Company O","Michael Fox","New Mexico","Item 4","159","8","1272"
"1475","4/18/2019","Apr","13","Company M","Michael Fox","New Mexico","Item 1","399","5","1995"
"1476","4/19/2019","Apr","19","Company S","Oscar Knox","Arizona","Item 4","159","9","1431"
"1477","4/19/2019","Apr","4","Company D","Anna Weber","Texas","Item 1","399","7","2793"
"1478","4/19/2019","Apr","4","Company D","Ben Wallace","Texas","Item 1","399","9","3591"
"1479","4/19/2019","Apr","10","Company J","Kim Fishman","California","Item 1","399","4","1596"
"1480","4/20/2019","Apr","6","Company F","Kim Fishman","California","Item 1","399","6","2394"
"1481","4/20/2019","Apr","18","Company R","Andrew James","Arizona","Item 4","159","8","1272"
"1482","4/20/2019","Apr","4","Company D","Anna Weber","Texas","Item 3","69","0","0"
"1483","4/20/2019","Apr","20","Company T","Andrew James","Arizona","Item 1","399","9","3591"
"1484","4/21/2019","Apr","18","Company R","Andrew James","Arizona","Item 3","69","2","138"
"1485","4/21/2019","Apr","6","Company F","Laura Larsen","California","Item 5","289","5","1445"
"1486","4/22/2019","Apr","1","Company A","Ben Wallace","Texas","Item 3","69","5","345"
"1487","4/22/2019","Apr","11","Company K","Anne Lee","New Mexico","Item 4","159","6","954"
"1488","4/23/2019","Apr","12","Company L","Anne Lee","New Mexico","Item 2","199","8","1592"
"1489","4/23/2019","Apr","6","Company F","Laura Larsen","California","Item 3","69","4","276"
"1490","4/23/2019","Apr","19","Company S","Oscar Knox","Arizona","Item 1","399","1","399"
"1491","4/23/2019","Apr","5","Company E","Anna Weber","Texas","Item 1","399","8","3192"
"1492","4/23/2019","Apr","11","Company K","Anne Lee","New Mexico","Item 1","399","6","2394"
"1493","4/23/2019","Apr","8","Company H","Laura Larsen","California","Item 1","399","2","798"
"1494","4/24/2019","Apr","3","Company C","Ben Wallace","Texas","Item 5","289","6","1734"
"1495","4/25/2019","Apr","7","Company G","Laura Larsen","California","Item 4","159","5","795"
"1496","4/25/2019","Apr","10","Company J","Kim Fishman","California","Item 1","399","5","1995"
"1497","4/26/2019","Apr","13","Company M","Anne Lee","New Mexico","Item 2","199","5","995"
"1498","4/26/2019","Apr","1","Company A","Ben Wallace","Texas","Item 5","289","4","1156"
"1499","4/27/2019","Apr","18","Company R","Andrew James","Arizona","Item 4","159","1","159"
"1500","4/27/2019","Apr","18","Company R","Andrew James","Arizona","Item 5","289","8","2312"
"1501","4/28/2019","Apr","8","Company H","Kim Fishman","California","Item 3","69","8","552"
"1502","4/29/2019","Apr","7","Company G","Kim Fishman","California","Item 4","159","7","1113"
"1503","4/30/2019","Apr","6","Company F","Laura Larsen","California","Item 5","289","7","2023"
"1504","4/30/2019","Apr","11","Company K","Michael Fox","New Mexico","Item 1","399","5","1995"
"1505","4/30/2019","Apr","9","Company I","Kim Fishman","California","Item 5","289","6","1734"
"1506","4/30/2019","Apr","20","Company T","Oscar Knox","Arizona","Item 3","69","4","276"
"1507","5/1/2019","May","1","Company A","Ben Wallace","Texas","Item 5","289","6","1734"
"1508","5/1/2019","May","2","Company B","Anna Weber","Texas","Item 2","199","4","796"
"1509","5/2/2019","May","17","Company Q","Oscar Knox","Arizona","Item 5","289","7","2023"
"1510","5/2/2019","May","1","Company A","Anna Weber","Texas","Item 3","69","9","621"
"1511","5/3/2019","May","16","Company P","Andrew James","Arizona","Item 1","399","3","1197"
"1512","5/3/2019","May","12","Company L","Anne Lee","New Mexico","Item 5","289","1","289"
"1513","5/3/2019","May","4","Company D","Anna Weber","Texas","Item 4","159","3","477"
"1514","5/3/2019","May","11","Company K","Michael Fox","New Mexico","Item 2","199","2","398"
"1515","5/3/2019","May","18","Company R","Oscar Knox","Arizona","Item 1","399","6","2394"
"1516","5/3/2019","May","1","Company A","Anna Weber","Texas","Item 4","159","0","0"
"1517","5/3/2019","May","17","Company Q","Andrew James","Arizona","Item 3","69","5","345"
"1518","5/3/2019","May","3","Company C","Anna Weber","Texas","Item 3","69","8","552"
"1519","5/4/2019","May","14","Company N","Anne Lee","New Mexico","Item 3","69","9","621"
"1520","5/5/2019","May","12","Company L","Anne Lee","New Mexico","Item 4","159","4","636"
"1521","5/5/2019","May","19","Company S","Oscar Knox","Arizona","Item 1","399","5","1995"
"1522","5/6/2019","May","15","Company O","Anne Lee","New Mexico","Item 3","69","9","621"
"1523","5/7/2019","May","11","Company K","Michael Fox","New Mexico","Item 4","159","3","477"
"1524","5/7/2019","May","14","Company N","Anne Lee","New Mexico","Item 4","159","1","159"
"1525","5/7/2019","May","3","Company C","Ben Wallace","Texas","Item 3","69","6","414"
"1526","5/7/2019","May","4","Company D","Ben Wallace","Texas","Item 5","289","5","1445"
"1527","5/7/2019","May","16","Company P","Oscar Knox","Arizona","Item 4","159","7","1113"
"1528","5/7/2019","May","13","Company M","Anne Lee","New Mexico","Item 4","159","3","477"
"1529","5/7/2019","May","18","Company R","Andrew James","Arizona","Item 2","199","1","199"
"1530","5/7/2019","May","15","Company O","Michael Fox","New Mexico","Item 1","399","0","0"
"1531","5/8/2019","May","4","Company D","Anna Weber","Texas","Item 2","199","7","1393"
"1532","5/9/2019","May","11","Company K","Anne Lee","New Mexico","Item 5","289","1","289"
"1533","5/9/2019","May","18","Company R","Andrew James","Arizona","Item 3","69","4","276"
"1534","5/9/2019","May","1","Company A","Anna Weber","Texas","Item 3","69","1","69"
"1535","5/9/2019","May","7","Company G","Kim Fishman","California","Item 3","69","5","345"
"1536","5/10/2019","May","19","Company S","Oscar Knox","Arizona","Item 4","159","3","477"
"1537","5/10/2019","May","17","Company Q","Oscar Knox","Arizona","Item 1","399","1","399"
"1538","5/10/2019","May","3","Company C","Ben Wallace","Texas","Item 3","69","6","414"
"1539","5/11/2019","May","15","Company O","Anne Lee","New Mexico","Item 2","199","7","1393"
"1540","5/12/2019","May","9","Company I","Laura Larsen","California","Item 4","159","6","954"
"1541","5/12/2019","May","3","Company C","Anna Weber","Texas","Item 5","289","9","2601"
"1542","5/13/2019","May","5","Company E","Ben Wallace","Texas","Item 2","199","6","1194"
"1543","5/13/2019","May","11","Company K","Anne Lee","New Mexico","Item 1","399","2","798"
"1544","5/13/2019","May","19","Company S","Andrew James","Arizona","Item 2","199","5","995"
"1545","5/14/2019","May","11","Company K","Michael Fox","New Mexico","Item 1","399","6","2394"
"1546","5/15/2019","May","15","Company O","Anne Lee","New Mexico","Item 2","199","7","1393"
"1547","5/15/2019","May","6","Company F","Kim Fishman","California","Item 4","159","5","795"
"1548","5/15/2019","May","14","Company N","Michael Fox","New Mexico","Item 4","159","8","1272"
"1549","5/16/2019","May","3","Company C","Anna Weber","Texas","Item 5","289","4","1156"
"1550","5/17/2019","May","15","Company O","Michael Fox","New Mexico","Item 2","199","3","597"
"1551","5/17/2019","May","1","Company A","Ben Wallace","Texas","Item 1","399","7","2793"
"1552","5/17/2019","May","1","Company A","Anna Weber","Texas","Item 5","289","9","2601"
"1553","5/17/2019","May","10","Company J","Laura Larsen","California","Item 5","289","2","578"
"1554","5/17/2019","May","13","Company M","Anne Lee","New Mexico","Item 3","69","0","0"
"1555","5/17/2019","May","14","Company N","Michael Fox","New Mexico","Item 5","289","6","1734"
"1556","5/17/2019","May","17","Company Q","Oscar Knox","Arizona","Item 2","199","2","398"
"1557","5/17/2019","May","1","Company A","Ben Wallace","Texas","Item 3","69","7","483"
"1558","5/18/2019","May","2","Company B","Ben Wallace","Texas","Item 1","399","4","1596"
"1559","5/19/2019","May","10","Company J","Kim Fishman","California","Item 1","399","1","399"
"1560","5/19/2019","May","20","Company T","Oscar Knox","Arizona","Item 2","199","2","398"
"1561","5/19/2019","May","1","Company A","Anna Weber","Texas","Item 5","289","1","289"
"1562","5/20/2019","May","1","Company A","Anna Weber","Texas","Item 4","159","4","636"
"1563","5/20/2019","May","19","Company S","Andrew James","Arizona","Item 1","399","8","3192"
"1564","5/20/2019","May","2","Company B","Anna Weber","Texas","Item 2","199","9","1791"
"1565","5/20/2019","May","7","Company G","Kim Fishman","California","Item 5","289","8","2312"
"1566","5/21/2019","May","5","Company E","Anna Weber","Texas","Item 5","289","2","578"
"1567","5/21/2019","May","17","Company Q","Andrew James","Arizona","Item 3","69","2","138"
"1568","5/22/2019","May","10","Company J","Kim Fishman","California","Item 5","289","7","2023"
"1569","5/22/2019","May","8","Company H","Laura Larsen","California","Item 3","69","2","138"
"1570","5/22/2019","May","14","Company N","Michael Fox","New Mexico","Item 3","69","9","621"
"1571","5/23/2019","May","15","Company O","Anne Lee","New Mexico","Item 4","159","2","318"
"1572","5/24/2019","May","14","Company N","Anne Lee","New Mexico","Item 1","399","4","1596"
"1573","5/25/2019","May","5","Company E","Anna Weber","Texas","Item 4","159","3","477"
"1574","5/25/2019","May","17","Company Q","Oscar Knox","Arizona","Item 5","289","3","867"
"1575","5/25/2019","May","5","Company E","Ben Wallace","Texas","Item 4","159","2","318"
"1576","5/25/2019","May","12","Company L","Anne Lee","New Mexico","Item 1","399","2","798"
"1577","5/25/2019","May","13","Company M","Anne Lee","New Mexico","Item 2","199","0","0"
"1578","5/25/2019","May","7","Company G","Laura Larsen","California","Item 3","69","3","207"
"1579","5/25/2019","May","1","Company A","Ben Wallace","Texas","Item 2","199","1","199"
"1580","5/25/2019","May","11","Company K","Anne Lee","New Mexico","Item 2","199","6","1194"
"1581","5/25/2019","May","9","Company I","Kim Fishman","California","Item 3","69","0","0"
"1582","5/25/2019","May","16","Company P","Oscar Knox","Arizona","Item 5","289","1","289"
"1583","5/25/2019","May","1","Company A","Ben Wallace","Texas","Item 5","289","9","2601"
"1584","5/25/2019","May","5","Company E","Ben Wallace","Texas","Item 2","199","8","1592"
"1585","5/26/2019","May","10","Company J","Kim Fishman","California","Item 4","159","6","954"
"1586","5/26/2019","May","4","Company D","Anna Weber","Texas","Item 5","289","2","578"
"1587","5/26/2019","May","11","Company K","Anne Lee","New Mexico","Item 2","199","1","199"
"1588","5/26/2019","May","17","Company Q","Andrew James","Arizona","Item 4","159","9","1431"
"1589","5/26/2019","May","7","Company G","Laura Larsen","California","Item 3","69","3","207"
"1590","5/26/2019","May","17","Company Q","Andrew James","Arizona","Item 4","159","2","318"
"1591","5/26/2019","May","16","Company P","Andrew James","Arizona","Item 3","69","5","345"
"1592","5/26/2019","May","16","Company P","Oscar Knox","Arizona","Item 4","159","7","1113"
"1593","5/26/2019","May","16","Company P","Andrew James","Arizona","Item 5","289","9","2601"
"1594","5/27/2019","May","11","Company K","Anne Lee","New Mexico","Item 1","399","0","0"
"1595","5/27/2019","May","19","Company S","Oscar Knox","Arizona","Item 2","199","0","0"
"1596","5/28/2019","May","5","Company E","Anna Weber","Texas","Item 4","159","2","318"
"1597","5/28/2019","May","16","Company P","Oscar Knox","Arizona","Item 2","199","8","1592"
"1598","5/28/2019","May","19","Company S","Andrew James","Arizona","Item 4","159","3","477"
"1599","5/28/2019","May","5","Company E","Ben Wallace","Texas","Item 4","159","9","1431"
"1600","5/28/2019","May","9","Company I","Laura Larsen","California","Item 2","199","1","199"
"1601","5/29/2019","May","17","Company Q","Oscar Knox","Arizona","Item 1","399","2","798"
"1602","5/29/2019","May","4","Company D","Ben Wallace","Texas","Item 2","199","1","199"
"1603","5/29/2019","May","18","Company R","Oscar Knox","Arizona","Item 2","199","8","1592"
"1604","5/29/2019","May","13","Company M","Anne Lee","New Mexico","Item 2","199","7","1393"
"1605","5/29/2019","May","6","Company F","Laura Larsen","California","Item 4","159","5","795"
"1606","5/29/2019","May","16","Company P","Oscar Knox","Arizona","Item 3","69","1","69"
"1607","5/30/2019","May","5","Company E","Anna Weber","Texas","Item 5","289","3","867"
"1608","5/30/2019","May","17","Company Q","Andrew James","Arizona","Item 4","159","8","1272"
"1609","5/30/2019","May","3","Company C","Anna Weber","Texas","Item 4","159","8","1272"
"1610","5/31/2019","May","18","Company R","Andrew James","Arizona","Item 3","69","4","276"
"1611","6/1/2019","Jun","2","Company B","Ben Wallace","Texas","Item 4","159","1","159"
"1612","6/1/2019","Jun","10","Company J","Laura Larsen","California","Item 4","159","2","318"
"1613","6/1/2019","Jun","17","Company Q","Andrew James","Arizona","Item 5","289","0","0"
"1614","6/2/2019","Jun","8","Company H","Laura Larsen","California","Item 5","289","4","1156"
"1615","6/2/2019","Jun","3","Company C","Ben Wallace","Texas","Item 3","69","6","414"
"1616","6/2/2019","Jun","10","Company J","Laura Larsen","California","Item 3","69","4","276"
"1617","6/2/2019","Jun","15","Company O","Michael Fox","New Mexico","Item 4","159","1","159"
"1618","6/3/2019","Jun","19","Company S","Andrew James","Arizona","Item 3","69","1","69"
"1619","6/4/2019","Jun","20","Company T","Andrew James","Arizona","Item 4","159","4","636"
"1620","6/5/2019","Jun","9","Company I","Laura Larsen","California","Item 1","399","0","0"
"1621","6/5/2019","Jun","4","Company D","Ben Wallace","Texas","Item 4","159","2","318"
"1622","6/5/2019","Jun","11","Company K","Michael Fox","New Mexico","Item 5","289","2","578"
"1623","6/5/2019","Jun","2","Company B","Anna Weber","Texas","Item 4","159","1","159"
"1624","6/6/2019","Jun","6","Company F","Laura Larsen","California","Item 5","289","1","289"
"1625","6/6/2019","Jun","14","Company N","Anne Lee","New Mexico","Item 2","199","7","1393"
"1626","6/6/2019","Jun","15","Company O","Michael Fox","New Mexico","Item 2","199","6","1194"
"1627","6/6/2019","Jun","5","Company E","Ben Wallace","Texas","Item 1","399","6","2394"
"1628","6/6/2019","Jun","17","Company Q","Andrew James","Arizona","Item 4","159","7","1113"
"1629","6/6/2019","Jun","9","Company I","Laura Larsen","California","Item 1","399","0","0"
"1630","6/6/2019","Jun","4","Company D","Anna Weber","Texas","Item 4","159","4","636"
"1631","6/6/2019","Jun","17","Company Q","Andrew James","Arizona","Item 3","69","7","483"
"1632","6/6/2019","Jun","1","Company A","Ben Wallace","Texas","Item 1","399","0","0"
"1633","6/6/2019","Jun","15","Company O","Anne Lee","New Mexico","Item 4","159","5","795"
"1634","6/6/2019","Jun","2","Company B","Anna Weber","Texas","Item 4","159","8","1272"
"1635","6/6/2019","Jun","3","Company C","Anna Weber","Texas","Item 5","289","9","2601"
"1636","6/7/2019","Jun","2","Company B","Ben Wallace","Texas","Item 3","69","3","207"
"1637","6/8/2019","Jun","10","Company J","Laura Larsen","California","Item 1","399","5","1995"
"1638","6/8/2019","Jun","4","Company D","Ben Wallace","Texas","Item 2","199","1","199"
"1639","6/8/2019","Jun","20","Company T","Oscar Knox","Arizona","Item 1","399","6","2394"
"1640","6/8/2019","Jun","19","Company S","Oscar Knox","Arizona","Item 3","69","5","345"
"1641","6/8/2019","Jun","13","Company M","Michael Fox","New Mexico","Item 4","159","2","318"
"1642","6/8/2019","Jun","17","Company Q","Oscar Knox","Arizona","Item 1","399","9","3591"
"1643","6/8/2019","Jun","7","Company G","Laura Larsen","California","Item 2","199","9","1791"
"1644","6/9/2019","Jun","4","Company D","Anna Weber","Texas","Item 1","399","6","2394"
"1645","6/9/2019","Jun","11","Company K","Michael Fox","New Mexico","Item 1","399","3","1197"
"1646","6/10/2019","Jun","11","Company K","Michael Fox","New Mexico","Item 2","199","4","796"
"1647","6/10/2019","Jun","13","Company M","Anne Lee","New Mexico","Item 4","159","9","1431"
"1648","6/10/2019","Jun","1","Company A","Ben Wallace","Texas","Item 1","399","2","798"
"1649","6/11/2019","Jun","15","Company O","Michael Fox","New Mexico","Item 4","159","0","0"
"1650","6/11/2019","Jun","9","Company I","Kim Fishman","California","Item 1","399","3","1197"
"1651","6/11/2019","Jun","20","Company T","Andrew James","Arizona","Item 3","69","0","0"
"1652","6/11/2019","Jun","9","Company I","Laura Larsen","California","Item 2","199","5","995"
"1653","6/12/2019","Jun","15","Company O","Michael Fox","New Mexico","Item 4","159","1","159"
"1654","6/13/2019","Jun","3","Company C","Anna Weber","Texas","Item 1","399","5","1995"
"1655","6/14/2019","Jun","17","Company Q","Andrew James","Arizona","Item 2","199","8","1592"
"1656","6/14/2019","Jun","16","Company P","Andrew James","Arizona","Item 5","289","9","2601"
"1657","6/14/2019","Jun","10","Company J","Laura Larsen","California","Item 1","399","8","3192"
"1658","6/14/2019","Jun","3","Company C","Anna Weber","Texas","Item 1","399","8","3192"
"1659","6/14/2019","Jun","13","Company M","Anne Lee","New Mexico","Item 3","69","4","276"
"1660","6/15/2019","Jun","13","Company M","Michael Fox","New Mexico","Item 5","289","4","1156"
"1661","6/15/2019","Jun","9","Company I","Kim Fishman","California","Item 3","69","5","345"
"1662","6/15/2019","Jun","20","Company T","Andrew James","Arizona","Item 3","69","8","552"
"1663","6/15/2019","Jun","2","Company B","Anna Weber","Texas","Item 5","289","5","1445"
"1664","6/15/2019","Jun","13","Company M","Anne Lee","New Mexico","Item 1","399","7","2793"
"1665","6/15/2019","Jun","17","Company Q","Andrew James","Arizona","Item 2","199","3","597"
"1666","6/16/2019","Jun","20","Company T","Andrew James","Arizona","Item 2","199","7","1393"
"1667","6/16/2019","Jun","8","Company H","Laura Larsen","California","Item 1","399","2","798"
"1668","6/16/2019","Jun","16","Company P","Oscar Knox","Arizona","Item 4","159","3","477"
"1669","6/16/2019","Jun","18","Company R","Andrew James","Arizona","Item 3","69","8","552"
"1670","6/17/2019","Jun","1","Company A","Anna Weber","Texas","Item 5","289","5","1445"
"1671","6/17/2019","Jun","17","Company Q","Andrew James","Arizona","Item 5","289","1","289"
"1672","6/17/2019","Jun","4","Company D","Ben Wallace","Texas","Item 3","69","8","552"
"1673","6/17/2019","Jun","18","Company R","Oscar Knox","Arizona","Item 4","159","6","954"
"1674","6/18/2019","Jun","17","Company Q","Andrew James","Arizona","Item 1","399","3","1197"
"1675","6/19/2019","Jun","13","Company M","Michael Fox","New Mexico","Item 2","199","0","0"
"1676","6/19/2019","Jun","11","Company K","Michael Fox","New Mexico","Item 2","199","7","1393"
"1677","6/19/2019","Jun","14","Company N","Anne Lee","New Mexico","Item 4","159","5","795"
"1678","6/20/2019","Jun","6","Company F","Kim Fishman","California","Item 4","159","2","318"
"1679","6/21/2019","Jun","20","Company T","Oscar Knox","Arizona","Item 2","199","7","1393"
"1680","6/22/2019","Jun","4","Company D","Anna Weber","Texas","Item 4","159","5","795"
"1681","6/22/2019","Jun","6","Company F","Laura Larsen","California","Item 3","69","5","345"
"1682","6/22/2019","Jun","3","Company C","Ben Wallace","Texas","Item 2","199","5","995"
"1683","6/22/2019","Jun","9","Company I","Laura Larsen","California","Item 4","159","4","636"
"1684","6/22/2019","Jun","12","Company L","Anne Lee","New Mexico","Item 4","159","2","318"
"1685","6/22/2019","Jun","3","Company C","Anna Weber","Texas","Item 4","159","8","1272"
"1686","6/23/2019","Jun","15","Company O","Michael Fox","New Mexico","Item 4","159","4","636"
"1687","6/23/2019","Jun","9","Company I","Kim Fishman","California","Item 4","159","8","1272"
"1688","6/24/2019","Jun","13","Company M","Michael Fox","New Mexico","Item 1","399","5","1995"
"1689","6/25/2019","Jun","16","Company P","Andrew James","Arizona","Item 1","399","6","2394"
"1690","6/26/2019","Jun","7","Company G","Laura Larsen","California","Item 1","399","4","1596"
"1691","6/26/2019","Jun","2","Company B","Ben Wallace","Texas","Item 5","289","7","2023"
"1692","6/27/2019","Jun","9","Company I","Kim Fishman","California","Item 3","69","3","207"
"1693","6/28/2019","Jun","20","Company T","Andrew James","Arizona","Item 5","289","8","2312"
"1694","6/29/2019","Jun","9","Company I","Kim Fishman","California","Item 1","399","5","1995"
"1695","6/29/2019","Jun","8","Company H","Laura Larsen","California","Item 2","199","3","597"
"1696","6/30/2019","Jun","9","Company I","Kim Fishman","California","Item 4","159","7","1113"
"1697","7/1/2019","Jul","14","Company N","Michael Fox","New Mexico","Item 3","69","8","552"
"1698","7/2/2019","Jul","8","Company H","Laura Larsen","California","Item 2","199","3","597"
"1699","7/2/2019","Jul","11","Company K","Michael Fox","New Mexico","Item 4","159","0","0"
"1700","7/3/2019","Jul","12","Company L","Michael Fox","New Mexico","Item 5","289","5","1445"
"1701","7/4/2019","Jul","16","Company P","Andrew James","Arizona","Item 1","399","4","1596"
"1702","7/5/2019","Jul","8","Company H","Kim Fishman","California","Item 2","199","5","995"
"1703","7/5/2019","Jul","5","Company E","Anna Weber","Texas","Item 1","399","7","2793"
"1704","7/6/2019","Jul","18","Company R","Andrew James","Arizona","Item 4","159","0","0"
"1705","7/7/2019","Jul","9","Company I","Kim Fishman","California","Item 2","199","2","398"
"1706","7/8/2019","Jul","7","Company G","Laura Larsen","California","Item 3","69","3","207"
"1707","7/9/2019","Jul","19","Company S","Andrew James","Arizona","Item 4","159","0","0"
"1708","7/10/2019","Jul","5","Company E","Anna Weber","Texas","Item 2","199","3","597"
"1709","7/10/2019","Jul","8","Company H","Laura Larsen","California","Item 2","199","6","1194"
"1710","7/10/2019","Jul","14","Company N","Michael Fox","New Mexico","Item 1","399","0","0"
"1711","7/10/2019","Jul","13","Company M","Anne Lee","New Mexico","Item 3","69","2","138"
"1712","7/11/2019","Jul","5","Company E","Anna Weber","Texas","Item 4","159","7","1113"
"1713","7/11/2019","Jul","19","Company S","Oscar Knox","Arizona","Item 1","399","9","3591"
"1714","7/12/2019","Jul","13","Company M","Michael Fox","New Mexico","Item 2","199","3","597"
"1715","7/12/2019","Jul","5","Company E","Ben Wallace","Texas","Item 3","69","3","207"
"1716","7/12/2019","Jul","14","Company N","Michael Fox","New Mexico","Item 1","399","1","399"
"1717","7/12/2019","Jul","11","Company K","Michael Fox","New Mexico","Item 3","69","1","69"
"1718","7/12/2019","Jul","7","Company G","Kim Fishman","California","Item 4","159","8","1272"
"1719","7/12/2019","Jul","5","Company E","Ben Wallace","Texas","Item 5","289","0","0"
"1720","7/12/2019","Jul","1","Company A","Ben Wallace","Texas","Item 5","289","3","867"
"1721","7/13/2019","Jul","6","Company F","Laura Larsen","California","Item 2","199","1","199"
"1722","7/14/2019","Jul","16","Company P","Andrew James","Arizona","Item 2","199","8","1592"
"1723","7/14/2019","Jul","10","Company J","Laura Larsen","California","Item 2","199","2","398"
"1724","7/14/2019","Jul","20","Company T","Oscar Knox","Arizona","Item 4","159","1","159"
"1725","7/14/2019","Jul","4","Company D","Anna Weber","Texas","Item 5","289","8","2312"
"1726","7/14/2019","Jul","10","Company J","Laura Larsen","California","Item 1","399","9","3591"
"1727","7/14/2019","Jul","4","Company D","Anna Weber","Texas","Item 2","199","3","597"
"1728","7/15/2019","Jul","16","Company P","Oscar Knox","Arizona","Item 4","159","3","477"
"1729","7/15/2019","Jul","2","Company B","Anna Weber","Texas","Item 4","159","4","636"
"1730","7/15/2019","Jul","18","Company R","Andrew James","Arizona","Item 1","399","5","1995"
"1731","7/16/2019","Jul","9","Company I","Laura Larsen","California","Item 1","399","0","0"
"1732","7/17/2019","Jul","4","Company D","Anna Weber","Texas","Item 1","399","8","3192"
"1733","7/17/2019","Jul","5","Company E","Anna Weber","Texas","Item 4","159","9","1431"
"1734","7/18/2019","Jul","5","Company E","Anna Weber","Texas","Item 1","399","2","798"
"1735","7/18/2019","Jul","12","Company L","Anne Lee","New Mexico","Item 1","399","7","2793"
"1736","7/18/2019","Jul","7","Company G","Laura Larsen","California","Item 5","289","7","2023"
"1737","7/18/2019","Jul","1","Company A","Ben Wallace","Texas","Item 3","69","3","207"
"1738","7/19/2019","Jul","18","Company R","Andrew James","Arizona","Item 4","159","6","954"
"1739","7/20/2019","Jul","3","Company C","Ben Wallace","Texas","Item 3","69","3","207"
"1740","7/20/2019","Jul","2","Company B","Anna Weber","Texas","Item 2","199","4","796"
"1741","7/20/2019","Jul","17","Company Q","Oscar Knox","Arizona","Item 5","289","2","578"
"1742","7/21/2019","Jul","14","Company N","Anne Lee","New Mexico","Item 5","289","9","2601"
"1743","7/21/2019","Jul","19","Company S","Andrew James","Arizona","Item 3","69","2","138"
"1744","7/21/2019","Jul","9","Company I","Kim Fishman","California","Item 3","69","4","276"
"1745","7/21/2019","Jul","9","Company I","Laura Larsen","California","Item 2","199","5","995"
"1746","7/22/2019","Jul","9","Company I","Laura Larsen","California","Item 3","69","4","276"
"1747","7/22/2019","Jul","6","Company F","Laura Larsen","California","Item 2","199","0","0"
"1748","7/22/2019","Jul","11","Company K","Anne Lee","New Mexico","Item 3","69","0","0"
"1749","7/23/2019","Jul","2","Company B","Ben Wallace","Texas","Item 1","399","9","3591"
"1750","7/24/2019","Jul","19","Company S","Andrew James","Arizona","Item 3","69","1","69"
"1751","7/25/2019","Jul","15","Company O","Michael Fox","New Mexico","Item 3","69","4","276"
"1752","7/25/2019","Jul","6","Company F","Kim Fishman","California","Item 5","289","7","2023"
"1753","7/25/2019","Jul","12","Company L","Anne Lee","New Mexico","Item 3","69","8","552"
"1754","7/25/2019","Jul","2","Company B","Ben Wallace","Texas","Item 3","69","9","621"
"1755","7/25/2019","Jul","15","Company O","Anne Lee","New Mexico","Item 5","289","4","1156"
"1756","7/25/2019","Jul","2","Company B","Anna Weber","Texas","Item 1","399","9","3591"
"1757","7/25/2019","Jul","4","Company D","Anna Weber","Texas","Item 5","289","2","578"
"1758","7/25/2019","Jul","5","Company E","Ben Wallace","Texas","Item 3","69","9","621"
"1759","7/26/2019","Jul","18","Company R","Andrew James","Arizona","Item 4","159","5","795"
"1760","7/27/2019","Jul","18","Company R","Oscar Knox","Arizona","Item 2","199","0","0"
"1761","7/28/2019","Jul","11","Company K","Michael Fox","New Mexico","Item 2","199","4","796"
"1762","7/28/2019","Jul","19","Company S","Oscar Knox","Arizona","Item 3","69","8","552"
"1763","7/29/2019","Jul","2","Company B","Anna Weber","Texas","Item 2","199","7","1393"
"1764","7/29/2019","Jul","9","Company I","Kim Fishman","California","Item 3","69","2","138"
"1765","7/30/2019","Jul","9","Company I","Laura Larsen","California","Item 2","199","3","597"
"1766","7/31/2019","Jul","13","Company M","Michael Fox","New Mexico","Item 1","399","8","3192"
"1767","7/31/2019","Jul","6","Company F","Kim Fishman","California","Item 1","399","9","3591"
"1768","8/1/2019","Aug","15","Company O","Anne Lee","New Mexico","Item 4","159","1","159"
"1769","8/2/2019","Aug","6","Company F","Laura Larsen","California","Item 1","399","2","798"
"1770","8/3/2019","Aug","1","Company A","Ben Wallace","Texas","Item 4","159","8","1272"
"1771","8/3/2019","Aug","4","Company D","Anna Weber","Texas","Item 2","199","7","1393"
"1772","8/4/2019","Aug","18","Company R","Andrew James","Arizona","Item 2","199","8","1592"
"1773","8/4/2019","Aug","5","Company E","Anna Weber","Texas","Item 2","199","2","398"
"1774","8/4/2019","Aug","8","Company H","Laura Larsen","California","Item 2","199","1","199"
"1775","8/4/2019","Aug","7","Company G","Laura Larsen","California","Item 3","69","9","621"
"1776","8/5/2019","Aug","2","Company B","Anna Weber","Texas","Item 5","289","8","2312"
"1777","8/6/2019","Aug","7","Company G","Kim Fishman","California","Item 1","399","6","2394"
"1778","8/7/2019","Aug","2","Company B","Anna Weber","Texas","Item 4","159","6","954"
"1779","8/7/2019","Aug","10","Company J","Kim Fishman","California","Item 4","159","3","477"
"1780","8/7/2019","Aug","18","Company R","Andrew James","Arizona","Item 5","289","0","0"
"1781","8/7/2019","Aug","19","Company S","Oscar Knox","Arizona","Item 5","289","8","2312"
"1782","8/8/2019","Aug","13","Company M","Michael Fox","New Mexico","Item 2","199","3","597"
"1783","8/8/2019","Aug","5","Company E","Anna Weber","Texas","Item 1","399","1","399"
"1784","8/8/2019","Aug","14","Company N","Michael Fox","New Mexico","Item 4","159","1","159"
"1785","8/8/2019","Aug","9","Company I","Laura Larsen","California","Item 3","69","0","0"
"1786","8/8/2019","Aug","15","Company O","Michael Fox","New Mexico","Item 1","399","2","798"
"1787","8/9/2019","Aug","15","Company O","Anne Lee","New Mexico","Item 5","289","8","2312"
"1788","8/9/2019","Aug","11","Company K","Anne Lee","New Mexico","Item 1","399","5","1995"
"1789","8/10/2019","Aug","4","Company D","Ben Wallace","Texas","Item 2","199","9","1791"
"1790","8/10/2019","Aug","14","Company N","Anne Lee","New Mexico","Item 4","159","8","1272"
"1791","8/11/2019","Aug","17","Company Q","Oscar Knox","Arizona","Item 1","399","8","3192"
"1792","8/11/2019","Aug","3","Company C","Anna Weber","Texas","Item 1","399","2","798"
"1793","8/11/2019","Aug","17","Company Q","Andrew James","Arizona","Item 3","69","0","0"
"1794","8/11/2019","Aug","2","Company B","Ben Wallace","Texas","Item 3","69","9","621"
"1795","8/11/2019","Aug","7","Company G","Laura Larsen","California","Item 3","69","5","345"
"1796","8/12/2019","Aug","2","Company B","Ben Wallace","Texas","Item 5","289","5","1445"
"1797","8/12/2019","Aug","10","Company J","Kim Fishman","California","Item 2","199","2","398"
"1798","8/12/2019","Aug","13","Company M","Anne Lee","New Mexico","Item 5","289","4","1156"
"1799","8/12/2019","Aug","15","Company O","Michael Fox","New Mexico","Item 1","399","4","1596"
"1800","8/12/2019","Aug","9","Company I","Kim Fishman","California","Item 2","199","8","1592"
"1801","8/12/2019","Aug","17","Company Q","Andrew James","Arizona","Item 1","399","1","399"
"1802","8/12/2019","Aug","6","Company F","Laura Larsen","California","Item 2","199","6","1194"
"1803","8/12/2019","Aug","18","Company R","Oscar Knox","Arizona","Item 1","399","5","1995"
"1804","8/12/2019","Aug","8","Company H","Laura Larsen","California","Item 2","199","6","1194"
"1805","8/12/2019","Aug","13","Company M","Anne Lee","New Mexico","Item 4","159","3","477"
"1806","8/12/2019","Aug","17","Company Q","Andrew James","Arizona","Item 3","69","7","483"
"1807","8/12/2019","Aug","4","Company D","Ben Wallace","Texas","Item 3","69","3","207"
"1808","8/13/2019","Aug","9","Company I","Laura Larsen","California","Item 2","199","3","597"
"1809","8/14/2019","Aug","8","Company H","Kim Fishman","California","Item 3","69","5","345"
"1810","8/14/2019","Aug","3","Company C","Ben Wallace","Texas","Item 5","289","3","867"
"1811","8/15/2019","Aug","15","Company O","Anne Lee","New Mexico","Item 3","69","4","276"
"1812","8/15/2019","Aug","11","Company K","Anne Lee","New Mexico","Item 3","69","8","552"
"1813","8/15/2019","Aug","6","Company F","Kim Fishman","California","Item 4","159","6","954"
"1814","8/15/2019","Aug","9","Company I","Kim Fishman","California","Item 4","159","6","954"
"1815","8/16/2019","Aug","5","Company E","Ben Wallace","Texas","Item 2","199","2","398"
"1816","8/17/2019","Aug","10","Company J","Kim Fishman","California","Item 4","159","9","1431"
"1817","8/17/2019","Aug","8","Company H","Laura Larsen","California","Item 3","69","8","552"
"1818","8/17/2019","Aug","5","Company E","Anna Weber","Texas","Item 2","199","4","796"
"1819","8/17/2019","Aug","9","Company I","Kim Fishman","California","Item 2","199","9","1791"
"1820","8/17/2019","Aug","2","Company B","Anna Weber","Texas","Item 3","69","9","621"
"1821","8/17/2019","Aug","7","Company G","Laura Larsen","California","Item 2","199","6","1194"
"1822","8/18/2019","Aug","17","Company Q","Oscar Knox","Arizona","Item 5","289","7","2023"
"1823","8/18/2019","Aug","9","Company I","Kim Fishman","California","Item 2","199","3","597"
"1824","8/18/2019","Aug","15","Company O","Michael Fox","New Mexico","Item 4","159","3","477"
"1825","8/19/2019","Aug","11","Company K","Michael Fox","New Mexico","Item 2","199","5","995"
"1826","8/19/2019","Aug","18","Company R","Andrew James","Arizona","Item 5","289","4","1156"
"1827","8/19/2019","Aug","2","Company B","Anna Weber","Texas","Item 5","289","2","578"
"1828","8/19/2019","Aug","18","Company R","Andrew James","Arizona","Item 3","69","6","414"
"1829","8/19/2019","Aug","13","Company M","Anne Lee","New Mexico","Item 3","69","4","276"
"1830","8/20/2019","Aug","5","Company E","Anna Weber","Texas","Item 5","289","2","578"
"1831","8/21/2019","Aug","8","Company H","Kim Fishman","California","Item 2","199","3","597"
"1832","8/21/2019","Aug","14","Company N","Anne Lee","New Mexico","Item 4","159","1","159"
"1833","8/21/2019","Aug","8","Company H","Laura Larsen","California","Item 3","69","5","345"
"1834","8/21/2019","Aug","5","Company E","Ben Wallace","Texas","Item 2","199","7","1393"
"1835","8/21/2019","Aug","5","Company E","Ben Wallace","Texas","Item 5","289","3","867"
"1836","8/21/2019","Aug","9","Company I","Laura Larsen","California","Item 2","199","5","995"
"1837","8/22/2019","Aug","6","Company F","Kim Fishman","California","Item 3","69","3","207"
"1838","8/22/2019","Aug","20","Company T","Andrew James","Arizona","Item 1","399","9","3591"
"1839","8/22/2019","Aug","19","Company S","Oscar Knox","Arizona","Item 5","289","5","1445"
"1840","8/22/2019","Aug","17","Company Q","Andrew James","Arizona","Item 2","199","5","995"
"1841","8/22/2019","Aug","3","Company C","Ben Wallace","Texas","Item 2","199","4","796"
"1842","8/22/2019","Aug","2","Company B","Anna Weber","Texas","Item 4","159","3","477"
"1843","8/22/2019","Aug","20","Company T","Oscar Knox","Arizona","Item 2","199","1","199"
"1844","8/22/2019","Aug","5","Company E","Anna Weber","Texas","Item 2","199","4","796"
"1845","8/22/2019","Aug","5","Company E","Ben Wallace","Texas","Item 4","159","2","318"
"1846","8/23/2019","Aug","7","Company G","Kim Fishman","California","Item 4","159","1","159"
"1847","8/23/2019","Aug","2","Company B","Anna Weber","Texas","Item 4","159","6","954"
"1848","8/24/2019","Aug","1","Company A","Ben Wallace","Texas","Item 3","69","5","345"
"1849","8/24/2019","Aug","4","Company D","Anna Weber","Texas","Item 1","399","7","2793"
"1850","8/25/2019","Aug","4","Company D","Ben Wallace","Texas","Item 4","159","1","159"
"1851","8/26/2019","Aug","14","Company N","Anne Lee","New Mexico","Item 3","69","2","138"
"1852","8/27/2019","Aug","11","Company K","Michael Fox","New Mexico","Item 3","69","9","621"
"1853","8/28/2019","Aug","16","Company P","Andrew James","Arizona","Item 3","69","2","138"
"1854","8/29/2019","Aug","16","Company P","Oscar Knox","Arizona","Item 4","159","8","1272"
"1855","8/29/2019","Aug","4","Company D","Ben Wallace","Texas","Item 4","159","0","0"
"1856","8/30/2019","Aug","19","Company S","Andrew James","Arizona","Item 4","159","7","1113"
"1857","8/30/2019","Aug","7","Company G","Laura Larsen","California","Item 2","199","1","199"
"1858","8/30/2019","Aug","17","Company Q","Andrew James","Arizona","Item 1","399","1","399"
"1859","8/30/2019","Aug","6","Company F","Kim Fishman","California","Item 3","69","0","0"
"1860","8/30/2019","Aug","14","Company N","Anne Lee","New Mexico","Item 1","399","4","1596"
"1861","8/30/2019","Aug","20","Company T","Oscar Knox","Arizona","Item 1","399","8","3192"
"1862","8/30/2019","Aug","10","Company J","Kim Fishman","California","Item 5","289","3","867"
"1863","8/31/2019","Aug","11","Company K","Michael Fox","New Mexico","Item 1","399","5","1995"
"1864","9/1/2019","Sep","16","Company P","Oscar Knox","Arizona","Item 5","289","3","867"
"1865","9/1/2019","Sep","11","Company K","Anne Lee","New Mexico","Item 1","399","4","1596"
"1866","9/1/2019","Sep","7","Company G","Laura Larsen","California","Item 3","69","6","414"
"1867","9/2/2019","Sep","3","Company C","Anna Weber","Texas","Item 5","289","6","1734"
"1868","9/2/2019","Sep","15","Company O","Michael Fox","New Mexico","Item 2","199","5","995"
"1869","9/3/2019","Sep","7","Company G","Kim Fishman","California","Item 1","399","1","399"
"1870","9/4/2019","Sep","19","Company S","Andrew James","Arizona","Item 1","399","9","3591"
"1871","9/4/2019","Sep","20","Company T","Oscar Knox","Arizona","Item 4","159","4","636"
"1872","9/5/2019","Sep","10","Company J","Laura Larsen","California","Item 3","69","7","483"
"1873","9/5/2019","Sep","8","Company H","Laura Larsen","California","Item 2","199","6","1194"
"1874","9/6/2019","Sep","9","Company I","Kim Fishman","California","Item 5","289","2","578"
"1875","9/6/2019","Sep","3","Company C","Ben Wallace","Texas","Item 4","159","9","1431"
"1876","9/6/2019","Sep","16","Company P","Oscar Knox","Arizona","Item 2","199","8","1592"
"1877","9/6/2019","Sep","1","Company A","Anna Weber","Texas","Item 1","399","3","1197"
"1878","9/6/2019","Sep","9","Company I","Kim Fishman","California","Item 3","69","1","69"
"1879","9/6/2019","Sep","4","Company D","Ben Wallace","Texas","Item 1","399","4","1596"
"1880","9/6/2019","Sep","11","Company K","Michael Fox","New Mexico","Item 4","159","3","477"
"1881","9/7/2019","Sep","9","Company I","Kim Fishman","California","Item 3","69","8","552"
"1882","9/7/2019","Sep","2","Company B","Anna Weber","Texas","Item 2","199","1","199"
"1883","9/8/2019","Sep","8","Company H","Laura Larsen","California","Item 3","69","4","276"
"1884","9/8/2019","Sep","13","Company M","Michael Fox","New Mexico","Item 1","399","4","1596"
"1885","9/8/2019","Sep","14","Company N","Anne Lee","New Mexico","Item 2","199","3","597"
"1886","9/8/2019","Sep","10","Company J","Laura Larsen","California","Item 5","289","2","578"
"1887","9/8/2019","Sep","8","Company H","Laura Larsen","California","Item 1","399","1","399"
"1888","9/8/2019","Sep","3","Company C","Anna Weber","Texas","Item 3","69","7","483"
"1889","9/9/2019","Sep","18","Company R","Oscar Knox","Arizona","Item 3","69","3","207"
"1890","9/10/2019","Sep","10","Company J","Laura Larsen","California","Item 2","199","5","995"
"1891","9/10/2019","Sep","17","Company Q","Andrew James","Arizona","Item 4","159","7","1113"
"1892","9/11/2019","Sep","5","Company E","Anna Weber","Texas","Item 1","399","9","3591"
"1893","9/11/2019","Sep","15","Company O","Anne Lee","New Mexico","Item 2","199","1","199"
"1894","9/12/2019","Sep","8","Company H","Laura Larsen","California","Item 4","159","0","0"
"1895","9/12/2019","Sep","15","Company O","Anne Lee","New Mexico","Item 1","399","1","399"
"1896","9/12/2019","Sep","20","Company T","Andrew James","Arizona","Item 5","289","0","0"
"1897","9/12/2019","Sep","1","Company A","Anna Weber","Texas","Item 4","159","3","477"
"1898","9/13/2019","Sep","3","Company C","Ben Wallace","Texas","Item 2","199","1","199"
"1899","9/14/2019","Sep","9","Company I","Laura Larsen","California","Item 2","199","0","0"
"1900","9/15/2019","Sep","2","Company B","Anna Weber","Texas","Item 2","199","6","1194"
"1901","9/16/2019","Sep","18","Company R","Andrew James","Arizona","Item 1","399","3","1197"
"1902","9/16/2019","Sep","14","Company N","Michael Fox","New Mexico","Item 1","399","8","3192"
"1903","9/16/2019","Sep","15","Company O","Anne Lee","New Mexico","Item 1","399","0","0"
"1904","9/17/2019","Sep","15","Company O","Anne Lee","New Mexico","Item 1","399","2","798"
"1905","9/17/2019","Sep","14","Company N","Anne Lee","New Mexico","Item 3","69","5","345"
"1906","9/17/2019","Sep","16","Company P","Andrew James","Arizona","Item 3","69","8","552"
"1907","9/17/2019","Sep","1","Company A","Anna Weber","Texas","Item 3","69","2","138"
"1908","9/18/2019","Sep","20","Company T","Andrew James","Arizona","Item 2","199","7","1393"
"1909","9/18/2019","Sep","15","Company O","Anne Lee","New Mexico","Item 3","69","8","552"
"1910","9/18/2019","Sep","14","Company N","Michael Fox","New Mexico","Item 4","159","7","1113"
"1911","9/18/2019","Sep","1","Company A","Ben Wallace","Texas","Item 1","399","6","2394"
"1912","9/19/2019","Sep","6","Company F","Kim Fishman","California","Item 5","289","7","2023"
"1913","9/19/2019","Sep","16","Company P","Oscar Knox","Arizona","Item 3","69","5","345"
"1914","9/19/2019","Sep","9","Company I","Laura Larsen","California","Item 3","69","0","0"
"1915","9/19/2019","Sep","11","Company K","Michael Fox","New Mexico","Item 2","199","9","1791"
"1916","9/20/2019","Sep","5","Company E","Anna Weber","Texas","Item 1","399","4","1596"
"1917","9/20/2019","Sep","4","Company D","Anna Weber","Texas","Item 5","289","8","2312"
"1918","9/20/2019","Sep","1","Company A","Anna Weber","Texas","Item 1","399","1","399"
"1919","9/20/2019","Sep","11","Company K","Anne Lee","New Mexico","Item 2","199","4","796"
"1920","9/20/2019","Sep","10","Company J","Laura Larsen","California","Item 4","159","9","1431"
"1921","9/20/2019","Sep","17","Company Q","Oscar Knox","Arizona","Item 1","399","1","399"
"1922","9/20/2019","Sep","8","Company H","Kim Fishman","California","Item 1","399","3","1197"
"1923","9/20/2019","Sep","12","Company L","Anne Lee","New Mexico","Item 4","159","8","1272"
"1924","9/20/2019","Sep","6","Company F","Kim Fishman","California","Item 2","199","0","0"
"1925","9/21/2019","Sep","19","Company S","Oscar Knox","Arizona","Item 5","289","1","289"
"1926","9/22/2019","Sep","1","Company A","Anna Weber","Texas","Item 2","199","3","597"
"1927","9/22/2019","Sep","6","Company F","Laura Larsen","California","Item 5","289","2","578"
"1928","9/22/2019","Sep","13","Company M","Anne Lee","New Mexico","Item 1","399","6","2394"
"1929","9/22/2019","Sep","9","Company I","Laura Larsen","California","Item 2","199","3","597"
"1930","9/23/2019","Sep","4","Company D","Anna Weber","Texas","Item 1","399","7","2793"
"1931","9/23/2019","Sep","2","Company B","Anna Weber","Texas","Item 1","399","0","0"
"1932","9/24/2019","Sep","7","Company G","Kim Fishman","California","Item 4","159","5","795"
"1933","9/24/2019","Sep","2","Company B","Ben Wallace","Texas","Item 4","159","7","1113"
"1934","9/25/2019","Sep","6","Company F","Laura Larsen","California","Item 5","289","8","2312"
"1935","9/25/2019","Sep","12","Company L","Michael Fox","New Mexico","Item 5","289","5","1445"
"1936","9/26/2019","Sep","17","Company Q","Andrew James","Arizona","Item 5","289","6","1734"
"1937","9/27/2019","Sep","15","Company O","Michael Fox","New Mexico","Item 5","289","2","578"
"1938","9/27/2019","Sep","13","Company M","Anne Lee","New Mexico","Item 5","289","5","1445"
"1939","9/27/2019","Sep","13","Company M","Anne Lee","New Mexico","Item 1","399","6","2394"
"1940","9/28/2019","Sep","12","Company L","Michael Fox","New Mexico","Item 4","159","1","159"
"1941","9/28/2019","Sep","11","Company K","Anne Lee","New Mexico","Item 3","69","3","207"
"1942","9/28/2019","Sep","4","Company D","Anna Weber","Texas","Item 2","199","0","0"
"1943","9/29/2019","Sep","18","Company R","Oscar Knox","Arizona","Item 3","69","3","207"
"1944","9/29/2019","Sep","12","Company L","Anne Lee","New Mexico","Item 2","199","2","398"
"1945","9/29/2019","Sep","19","Company S","Oscar Knox","Arizona","Item 5","289","0","0"
"1946","9/29/2019","Sep","16","Company P","Andrew James","Arizona","Item 2","199","4","796"
"1947","9/29/2019","Sep","19","Company S","Andrew James","Arizona","Item 2","199","2","398"
"1948","9/29/2019","Sep","1","Company A","Anna Weber","Texas","Item 5","289","8","2312"
"1949","9/29/2019","Sep","9","Company I","Kim Fishman","California","Item 1","399","4","1596"
"1950","9/30/2019","Sep","9","Company I","Laura Larsen","California","Item 3","69","7","483"
"1951","10/1/2019","Oct","20","Company T","Oscar Knox","Arizona","Item 4","159","1","159"
"1952","10/1/2019","Oct","8","Company H","Kim Fishman","California","Item 5","289","5","1445"
"1953","10/1/2019","Oct","18","Company R","Andrew James","Arizona","Item 3","69","0","0"
"1954","10/1/2019","Oct","2","Company B","Anna Weber","Texas","Item 1","399","2","798"
"1955","10/2/2019","Oct","10","Company J","Kim Fishman","California","Item 2","199","7","1393"
"1956","10/2/2019","Oct","13","Company M","Anne Lee","New Mexico","Item 4","159","5","795"
"1957","10/2/2019","Oct","17","Company Q","Oscar Knox","Arizona","Item 5","289","6","1734"
"1958","10/3/2019","Oct","8","Company H","Laura Larsen","California","Item 1","399","3","1197"
"1959","10/3/2019","Oct","12","Company L","Michael Fox","New Mexico","Item 3","69","7","483"
"1960","10/4/2019","Oct","19","Company S","Andrew James","Arizona","Item 4","159","3","477"
"1961","10/4/2019","Oct","9","Company I","Kim Fishman","California","Item 5","289","8","2312"
"1962","10/4/2019","Oct","20","Company T","Oscar Knox","Arizona","Item 1","399","3","1197"
"1963","10/5/2019","Oct","20","Company T","Andrew James","Arizona","Item 5","289","1","289"
"1964","10/5/2019","Oct","4","Company D","Anna Weber","Texas","Item 5","289","3","867"
"1965","10/5/2019","Oct","4","Company D","Ben Wallace","Texas","Item 2","199","2","398"
"1966","10/5/2019","Oct","15","Company O","Michael Fox","New Mexico","Item 1","399","0","0"
"1967","10/5/2019","Oct","20","Company T","Andrew James","Arizona","Item 1","399","9","3591"
"1968","10/5/2019","Oct","1","Company A","Ben Wallace","Texas","Item 3","69","2","138"
"1969","10/5/2019","Oct","3","Company C","Ben Wallace","Texas","Item 2","199","1","199"
"1970","10/5/2019","Oct","11","Company K","Anne Lee","New Mexico","Item 1","399","2","798"
"1971","10/5/2019","Oct","17","Company Q","Oscar Knox","Arizona","Item 3","69","6","414"
"1972","10/5/2019","Oct","8","Company H","Kim Fishman","California","Item 3","69","0","0"
"1973","10/5/2019","Oct","12","Company L","Michael Fox","New Mexico","Item 1","399","6","2394"
"1974","10/6/2019","Oct","19","Company S","Oscar Knox","Arizona","Item 5","289","1","289"
"1975","10/7/2019","Oct","6","Company F","Kim Fishman","California","Item 4","159","4","636"
"1976","10/7/2019","Oct","15","Company O","Michael Fox","New Mexico","Item 4","159","1","159"
"1977","10/8/2019","Oct","10","Company J","Kim Fishman","California","Item 4","159","6","954"
"1978","10/8/2019","Oct","14","Company N","Anne Lee","New Mexico","Item 2","199","0","0"
"1979","10/9/2019","Oct","11","Company K","Anne Lee","New Mexico","Item 4","159","0","0"
"1980","10/9/2019","Oct","17","Company Q","Oscar Knox","Arizona","Item 3","69","4","276"
"1981","10/9/2019","Oct","12","Company L","Michael Fox","New Mexico","Item 5","289","0","0"
"1982","10/9/2019","Oct","15","Company O","Anne Lee","New Mexico","Item 3","69","1","69"
"1983","10/10/2019","Oct","3","Company C","Ben Wallace","Texas","Item 1","399","1","399"
"1984","10/11/2019","Oct","20","Company T","Oscar Knox","Arizona","Item 2","199","1","199"
"1985","10/12/2019","Oct","13","Company M","Michael Fox","New Mexico","Item 1","399","3","1197"
"1986","10/12/2019","Oct","1","Company A","Anna Weber","Texas","Item 3","69","8","552"
"1987","10/13/2019","Oct","9","Company I","Kim Fishman","California","Item 5","289","0","0"
"1988","10/13/2019","Oct","2","Company B","Ben Wallace","Texas","Item 2","199","5","995"
"1989","10/13/2019","Oct","12","Company L","Anne Lee","New Mexico","Item 5","289","3","867"
"1990","10/13/2019","Oct","11","Company K","Michael Fox","New Mexico","Item 2","199","4","796"
"1991","10/14/2019","Oct","3","Company C","Anna Weber","Texas","Item 2","199","7","1393"
"1992","10/15/2019","Oct","5","Company E","Anna Weber","Texas","Item 4","159","7","1113"
"1993","10/16/2019","Oct","15","Company O","Anne Lee","New Mexico","Item 2","199","1","199"
"1994","10/16/2019","Oct","3","Company C","Anna Weber","Texas","Item 3","69","3","207"
"1995","10/16/2019","Oct","1","Company A","Anna Weber","Texas","Item 2","199","8","1592"
"1996","10/16/2019","Oct","9","Company I","Laura Larsen","California","Item 3","69","8","552"
"1997","10/16/2019","Oct","5","Company E","Ben Wallace","Texas","Item 3","69","6","414"
"1998","10/16/2019","Oct","3","Company C","Ben Wallace","Texas","Item 1","399","6","2394"
"1999","10/16/2019","Oct","6","Company F","Laura Larsen","California","Item 5","289","1","289"
"2000","10/16/2019","Oct","14","Company N","Michael Fox","New Mexico","Item 2","199","4","796"
